2549 3279
252 184 326 221 HF
339 184 476 222 EDEt
488 185 530 223 V.
554 208 602 214 —
624 187 654 231 1,
678 188 713 231 4,
742 188 786 225 15
815 192 968 236 quatuor
992 187 1095 224 verba
1121 187 1157 224 in
1177 187 1211 224 Η
1234 186 1372 226 desunt.
1401 211 1450 217 —
1476 189 1504 234 1,
1530 190 1564 234 5,
1593 190 1609 227 1
1639 190 1672 228 H
1696 202 1764 228 om.
1787 188 1856 237 μέν
1879 193 1958 238 post
1976 191 2151 227 πλεῖστοι.
2177 211 2225 219 -
2248 189 2280 234 1,
2300 190 2336 232 5,

256 244 298 280 ll
327 243 511 281 duodecim
537 245 643 283 verba
667 245 793 283 desunt
816 245 851 282 in
876 246 919 283 H.
946 267 990 275 -
1022 246 1056 290 1,
1080 246 1118 289 5,
1144 245 1188 282 12
1212 245 1286 284 ΗΕ
1310 259 1381 285 om.
1405 245 1472 285 τόν
1497 253 1577 286 ante
1601 247 1806 297 Κλέαρχον.
1831 270 1878 278 -
1903 249 1936 292 1,
1961 248 2001 291 9,
2025 247 2049 285 6
2072 248 2107 285 Η
2130 260 2201 286 om.
2223 259 2336 296 φανε-

254 300 330 351 ράς.
360 324 405 330 -
431 303 459 347 Ι,
484 303 518 349 9,
545 302 590 342 18
616 304 651 342 Η
677 317 746 343 om.
771 302 827 354 δή.

428 367 485 400 An
511 363 596 401 haec
621 363 765 403 fortuita
790 377 865 402 esse
891 369 991 413 putas
1016 375 1078 400 nec
1098 363 1162 400 nisi
1189 364 1223 400 in
1243 363 1356 412 primo
1380 365 1469 403 libro
1494 367 1636 405 obvias?
1685 367 1845 417 Agedum
1869 366 2028 416 quintum
2053 366 2178 404 librum
2202 367 2337 405 ovoiva-

254 432 341 459 mus,
393 422 440 466 V,
468 424 497 467 1,
523 423 546 460 2
572 423 608 461 in
628 424 702 461 HF
713 424 747 461 D
774 424 871 461 deest
892 422 1097 460 vocabulum
1125 420 1341 469 καθεύδων,
1369 424 1404 461 in
1429 425 1477 463 Et
1502 426 1590 464 adeo
1614 431 1746 476 septem
1770 425 1937 464 vocabula
1960 425 2094 463 desunt.
2120 447 2164 452 —
2190 425 2233 470 V,
2260 426 2290 470 l,
2316 426 2337 464 Ἰ

253 480 288 516 in
314 480 449 519 HFEt
471 486 551 519 octo
575 482 744 520 vocabula
769 482 902 519 desunt.
925 504 968 510 —
994 481 1036 525 V,
1058 481 1093 526 2,
1119 481 1142 518 3
1164 482 1192 519 F
1206 481 1235 518 E
1260 494 1329 520 om.
1354 477 1413 532 ἦν.
1443 504 1488 512 ——-
1513 485 1557 530 V,
1580 485 1615 529 2,
1637 486 1660 524 5
1686 485 1721 522 in
1745 485 2008 524 HFEDEtN
2033 484 2160 522 desunt
2186 482 2338 529 Φιλόξε-

253 553 318 584 νος
339 539 563 589 Πελληνεύς,
585 542 621 579 in
638 542 687 579 Et
706 541 808 579 etiam
833 538 1089 589 Στυμφάλιος,
1114 540 1149 578 in
1168 541 1284 578 HFE
1297 543 1345 580 Et
1365 544 1471 593 paulo
1490 551 1570 595 post
1591 543 1711 589 ἄλλος.
1734 561 1781 574 -ss
1809 546 1852 589 V,
1875 545 1909 589 2,
1928 544 1975 582 26
1997 544 2070 583 HF
2082 544 2113 582 E
2138 556 2208 582 om.
2231 536 2338 591 ἦσαν.

254 619 301 627 -
329 600 393 637 His
417 600 445 637 si
470 600 573 637 etiam
598 600 696 649 plura
720 599 912 644 desideras,
936 600 1036 648 plura
1061 599 1161 637 facile
1183 600 1334 639 invenies
1361 602 1495 652 reliqua
1519 604 1633 654 capita
1658 603 1879 654 perlustrans.

430 659 521 696 Nihil
545 664 661 695 autem
686 659 722 694 in
754 658 850 695 libris
874 658 1077 696 melioribus
1102 659 1211 707 magis
1229 665 1286 696 est
1311 663 1553 711 pervulgatum
1580 676 1620 701 ac
1645 674 1753 711 paene
1777 662 2030 710 quotidianum,
2055 674 2159 711 quam
2185 665 2340 699 mutatus

255 717 440 754 verborum
467 717 564 754 ordo.
615 720 665 756 At
687 716 791 760 enim,
817 716 965 765 inquies,
988 716 1044 754 hic
1064 717 1139 765 ipse
1164 729 1264 754 verus
1289 725 1342 756 est
1361 721 1548 759 verborum
1571 721 1659 759 ordo
1683 725 1718 758 et
1743 721 1786 758 ab
1811 714 1887 769 ipso
1899 720 2134 769 Xenophonte
2156 718 2341 769 profectus,

256 787 362 823 quem
391 776 468 812 libri
496 776 542 812 illi
569 776 671 813 nobis
704 781 969 817 conservarunt:
1014 776 1049 812 in
1081 775 1259 825 pejoribus
1294 783 1461 816 mutatus.
1511 783 1561 817 At
1590 779 1639 817 sic
1672 779 1799 816 sentire
1831 779 2015 828 plerosque
2042 779 2215 817 editorum
2245 783 2280 816 et
2306 778 2341 814 in

256 834 320 871 hac
347 847 490 884 quoque
516 847 552 871 re
576 834 778 871 melioribus
799 834 872 871 istis
899 834 1079 872 codicibus
1100 836 1271 872 submisse
1297 849 1336 874 ac
1360 838 1509 876 fideliter
1532 840 1658 876 servire
1683 851 1753 875 non
1778 837 1910 885 ignoro.
1960 837 2031 874 Nec
2056 837 2254 887 refragarer,
2276 836 2340 874 nisi

257 893 356 930 multi
384 893 450 929 loci
482 893 679 936 obstarent,
712 893 771 929 ubi
805 893 840 929 in
867 893 920 929 his
947 893 1029 942 ipsis
1060 893 1155 929 libris
1182 894 1384 932 melioribus
1407 901 1579 934 mutatum
1602 909 1676 934 esse
1699 896 1884 933 verborum
1911 895 2068 932 ordinem
2092 896 2184 933 haud
2208 896 2343 932 levibus

255 952 465 1000 argumentis
489 965 529 989 ac
554 952 748 989 rationibus
775 951 932 989 efficitur.
985 953 1016 996 1,
1045 952 1109 996 10,
1140 952 1184 990 18
1210 952 1296 1001 vulg.
1323 954 1359 991 εἴ
1387 968 1474 992 ποτε
1500 953 1649 1004 σφοδρὰ
1682 952 1816 1002 λάβοι
1850 950 1899 990 τὸ
1938 951 2186 1002 στρατόπεδον
2207 953 2341 992 ἔνδεια.

256 1011 329 1047 HF
341 1012 388 1048 Et
412 1011 448 1047 εἴ
470 1024 507 1048 π.
541 1020 605 1060 σφ.
631 1009 672 1048 τὸ
699 1008 905 1059 στράτευμα
940 1009 1108 1059 λάβοιτ
1125 1025 1145 1049 ο
1184 1010 1313 1049 ἔνδεια.
1365 1014 1537 1052 Fraudem
1563 1014 1619 1051 hic
1642 1013 1769 1063 detegit
1793 1013 1921 1063 syllaba
1943 1026 1986 1049 το
2015 1014 2119 1051 verbo
2149 1011 2258 1061 λάβοι
2284 1026 2343 1062 ag-

255 1070 434 1118 glutinata.
486 1070 687 1119 Xenophon
721 1071 881 1107 videlieet
905 1071 1092 1119 scripserat
1117 1069 1226 1118 λάβοι
1248 1069 1290 1108 τὸ
1321 1070 1581 1119 στρατόπεδον.
1630 1074 1769 1111 Mutato
1794 1077 1909 1109 autem
1933 1072 2117 1109 verborum
2142 1072 2265 1109 ordine
2288 1084 2343 1109 ar-

255 1129 385 1166 ticulus
408 1130 564 1178 optativo
590 1127 699 1175 λάβοι
719 1129 931 1165 adhaeserat.
973 1130 1020 1164 Et
1041 1130 1193 1165 medium
1217 1130 1356 1177 quidem
1383 1131 1440 1167 hic
1460 1131 1555 1167 omni
1577 1142 1680 1167 sensu
1703 1142 1819 1167 carere
1842 1142 1963 1166 omnes
1988 1130 2219 1167 consentiunt.
2257 1130 2343 1166 Ver-

257 1188 382 1225 borum
409 1193 525 1225 tamen
547 1188 705 1224 ordinem
728 1199 748 1223 a
773 1187 912 1224 librario
940 1187 1112 1224 inversum
1139 1188 1373 1237 Dmdorfium,
1412 1189 1607 1239 Popponem
1632 1194 1667 1226 et
1691 1189 1898 1227 Hertla'nium
1927 1200 1997 1224 non
2023 1188 2128 1225 modo
2159 1199 2229 1224 non
2259 1187 2344 1236 reje-

256 1247 363 1290 cisse,
393 1259 512 1283 verum
539 1247 641 1282 etiam
670 1246 824 1282 sanxisse
851 1246 1006 1293 profecto
1032 1251 1085 1283 est
1111 1247 1204 1294 quod
1231 1246 1420 1283 admireris.
1471 1248 1652 1285 Cautiores
1674 1247 1729 1284 hic
1749 1247 1846 1295 juxta
1871 1248 2068 1295 Kriiqerum
2088 1247 2230 1284 suerunt
2253 1247 2344 1284 Bor-

256 1318 447 1342 nemannus
471 1310 578 1352 atque
601 1304 795 1341 Kfihnerus.
817 1326 863 1330 ——
887 1304 1051 1340 Similiter
1077 1305 1124 1347 ΙΙ,
1150 1305 1184 1347 3,
1205 1306 1226 1340 4
1247 1304 1335 1351 vulg.
1363 1304 1441 1341 ἐπεὶ
1462 1304 1502 1341 δὲ
1522 1303 1615 1353 πρὸς
1636 1308 1714 1348 τοῖς
1740 1302 1908 1351 ἀγγέλοις
1928 1299 2065 1352 ἦσαν,
2094 1302 2153 1352 ἠρ
2167 1303 2281 1349 ώτα,
2309 1305 2346 1340 τί

257 1361 464 1410 βούλοιντο.
516 1363 777 1400 HFDEtVS
794 1364 825 1399 Y
863 1361 941 1399 ἐπεὶ
969 1361 1009 1399 δὲ
1040 1356 1100 1410 ἦν
1130 1361 1223 1410 πρὸς
1246 1366 1322 1407 τοῖς
1358 1361 1458 1411 aima,
1495 1360 1689 1412 ἀνηρώτα
1721 1364 1758 1400 τί
1790 1364 1824 1411 β.
1875 1364 1948 1401 HF
1960 1364 2042 1401 DY
2066 1368 2243 1413 praeterea
2266 1367 2347 1412 post

258 1420 430 1470 ἀνηρώτα
466 1422 694 1470 interponunt
731 1423 877 1469 πρῶτα,
915 1422 1010 1469 quod
1047 1422 1095 1458 Et
1127 1421 1266 1458 demum
1306 1428 1385 1470 post
1420 1420 1616 1470 βούλοιπο
1651 1422 1762 1459 habet.
1812 1423 1851 1459 In
1884 1422 1938 1458 his
1965 1422 2147 1459 meliorum
2177 1423 2345 1459 librorum

257 1481 437 1530 scripturis
462 1481 527 1517 tria
554 1486 653 1524 sunt,
694 1492 784 1529 quae
811 1480 989 1529 paululum
1018 1480 1243 1517 dubitationis
1275 1480 1447 1529 injiciant:
1487 1481 1635 1530 primum
1662 1480 1757 1530 quod
1781 1481 1881 1518 simul
1906 1493 1984 1517 cum
2010 1481 2132 1518 ordine
2159 1480 2345 1518 vocabulo-

257 1552 334 1577 rum
358 1540 461 1576 etiam
485 1540 579 1576 verbi
606 1551 773 1576 numerus
797 1545 952 1575 mutatus
977 1544 1031 1575 est
1049 1533 1164 1586 (ἦν-
1179 1534 1303 1586 ἦσαν),
1325 1539 1451 1576 deinde
1476 1540 1571 1588 quod
1598 1540 1700 1576 iidem
1724 1539 1813 1583 libri,
1839 1539 1899 1588 qui
1924 1540 2069 1577 verbum
2092 1533 2139 1587 ἦν
2165 1540 2230 1576 sub
2252 1538 2345 1576 fron-

256 1604 326 1635 tem
355 1598 605 1636 enuntiationis
628 1602 765 1647 ponunt
795 1596 887 1646 (ἐπεὶ
907 1596 947 1634 δὲ
967 1591 1038 1646 ἦν),
1065 1598 1172 1635 verbo
1197 1595 1319 1646 ἠρώτα
1343 1597 1446 1635 etiam
1471 1595 1543 1634 ἀνά
1564 1597 1768 1647 praefigunt,
1795 1597 1890 1647 quod
1915 1597 1969 1634 hic
1995 1611 2064 1635 non
2087 1602 2225 1647 aptum;
2250 1597 2345 1634 deni-

258 1669 327 1705 que
355 1657 450 1706 quod
472 1657 577 1694 iidem
600 1657 679 1694 libri
708 1658 837 1704 πρῶτα
870 1657 1019 1700 addunt,
1062 1657 1159 1705 quod
1189 1669 1329 1706 prorsus
1363 1662 1416 1693 est
1447 1657 1608 1693 otiosum.
1656 1657 1704 1693 Et
1725 1658 1852 1704 πρῶτα
1874 1657 2013 1706 quidem
2038 1670 2080 1694 ex
2104 1657 2347 1694 terminatione

257 1716 351 1753 verbi
378 1714 504 1764 ἠρώτα
527 1721 644 1753 ortum
669 1728 744 1753 esse
770 1721 864 1753 recte
885 1716 1082 1765 suspicatus
1109 1721 1162 1752 est
1186 1717 1379 1753 Kidlmerus.
1430 1715 1484 1752 De
1514 1714 1654 1764 reliquis
1681 1720 1796 1752 autem
1826 1715 1874 1752 sic
1909 1716 2041 1760 sentio,
2075 1715 2347 1765 Xenophontem

259 1775 438 1823 scripsisse
466 1775 519 1812 uti
550 1775 654 1823 vulgo
688 1774 828 1822 legitur:
868 1773 947 1811 ἐπεὶ
974 1774 1014 1811 δὲ
1039 1772 1134 1823 πρὸς
1162 1778 1238 1818 τοῖς
1271 1771 1417 1821 ἀγέλοις
1446 1768 1558 1820 ἦσαν,
1595 1770 1739 1821 ἠρώτα,
1776 1773 1955 1811 librarium
1990 1779 2105 1811 autem
2139 1786 2202 1822 pro
2233 1768 2349 1821 ἦσαν

258 1831 382 1882 ἠρώτα
406 1847 468 1883 per
492 1846 643 1872 errorem
670 1834 719 1871 sic
743 1834 884 1882 legisse:
919 1827 973 1881 ἦν
1006 1831 1190 1882 ἀνηρώτα
1221 1846 1330 1882 eaque
1357 1837 1491 1870 mutato
1515 1832 1677 1882 deinceps
1702 1833 1887 1870 verborum
1914 1832 2035 1870 ordine
2066 1833 2269 1871 obtinuisse.
2302 1855 2347 1861 -

259 1894 371 1930 Porro
396 1894 468 1937 lll,
494 1894 528 1937 1,
555 1894 570 1929 l
598 1893 688 1940 vulg.
723 1891 762 1929 ἐν
790 1893 834 1940 τῇ
862 1890 1041 1939 ἀναβάσει
1066 1894 1111 1942 τῇ
1139 1891 1226 1940 μετὰ
1248 1890 1391 1940 Κύρου.
1443 1892 1622 1928 HFDEt
1646 1890 1686 1928 ἐν
1706 1892 1750 1940 τῇ
1774 1889 1905 1939 Κύρου
1929 1888 2126 1939 ἀναβάσει,
2164 1892 2222 1928 ubi
2257 1897 2349 1929 recte

262 1953 391 2001 Poppo,
412 1952 662 2000 ‚,Vulgatum‚“
686 1951 800 1999 inquit
827 1956 992 1995 „tuentur
1015 1953 1057 1995 V,
1083 1953 1112 1995 1,
1135 1953 1164 1988 1.
1187 1953 1265 1994 VII,
1293 1953 1322 1994 l,
1353 1952 1403 1987 l“.
1454 1950 1577 1998 Neque
1605 1950 1660 1987 hic
1681 1950 1864 1999 quisquam
1892 1956 2028 1999 praeter
2053 1951 2255 1988 Kia'lmerum
2278 1963 2349 1988 me·

261 2011 386 2048 liorum
410 2011 577 2048 librorum
606 2010 768 2059 potestati
796 2022 870 2047 sese
899 2010 1065 2059 permisit.
1100 2032 1143 2038 -——
1184 2011 1217 2054 Ι,
1240 2011 1279 2055 8,
1303 2009 1351 2047 26
1377 2008 1467 2057 vulg.
1492 2008 1627 2058 egregie
1653 2005 1729 2057 ὁρῶ
1754 2007 1819 2046 τὸν
1839 2006 1978 2058 ἄνδρας
2018 2015 2053 2047 at
2080 2010 2245 2047 HFVY
2273 2021 2348 2059 per-

261 2083 358 2106 verso
385 2070 508 2107 ordine
533 2068 600 2106 τὸν
626 2067 749 2117 ἄνδρα
772 2066 860 2116 ὁρῶ,
886 2081 976 2118 quae
1000 2071 1162 2106 omnibus
1186 2069 1388 2111 editoribus,
1407 2068 1435 2103 si
1459 2068 1655 2116 Kruqerum
1679 2069 1857 2112 exemeris,
1884 2070 2107 2117 comprobata
2134 2081 2208 2107 esse
2229 2069 2349 2106 videns

261 2142 331 2166 non
362 2129 509 2166 multum
538 2128 634 2165 abfui
668 2128 753 2177 quin
788 2129 1082 2177 obstupescerem.
1132 2129 1242 2165 Docet
1273 2127 1328 2164 hic
1363 2127 1476 2170 locus,
1516 2131 1685 2175 quantum
1713 2126 1863 2171 intersit,
1906 2139 1976 2177 quo
2003 2127 2125 2164 ordine
2150 2127 2269 2170 verba,
2309 2132 2351 2163 ut

260 2201 357 2225 suam
382 2188 549 2236 quodque
574 2188 642 2224 vim
668 2187 810 2231 habeat,
839 2188 1067 2224 collocentur.
1119 2188 1158 2223 V.
1188 2188 1383 2236 Kria'qerum
1408 2186 1442 2222 in
1465 2185 1563 2222 stud.
1590 2185 1865 2235 historico-phil.
1892 2187 1944 2230 11,
1968 2200 2000 2235 p.
2029 2188 2106 2224 115.
2135 2208 2179 2213 —
2209 2187 2243 2229 1,
2273 2187 2302 2229 l,
2326 2187 2349 2222 9

260 2247 349 2296 vulg.
376 2247 508 2296 optime
534 2244 725 2295 Κλέαρχος
749 2240 797 2295 ἦν
824 2244 1133 2294 Λακεδαιμόνιος,
1159 2244 1291 2295 φυγάς.
1343 2248 1392 2281 At
1418 2244 1535 2281 HFE
1569 2245 1636 2282 Κλ.
1659 2246 1753 2281 Λακ.
1781 2242 1900 2294 φυγὰς
1924 2239 1992 2294 ἦν,
2032 2258 2136 2295 quam
2163 2245 2347 2282 verborum

260 2307 523 2344 collocationem
553 2307 688 2343 admitti
719 2320 788 2343 non
817 2319 918 2355 posse
952 2306 1079 2343 frustra
1111 2307 1408 2344 demonstraverat
1435 2304 1614 2352 Kric'qerus
1643 2304 1662 2340 l.
1689 2316 1717 2340 c.
1750 2317 1781 2353 p.
1812 2306 1895 2346 117;
1931 2318 2009 2341 nam
2045 2305 2087 2341 ab
2119 2304 2289 2341 Herclmio
2315 2308 2351 2340 et

260 2366 423 2404 Kiae'lmero
448 2365 592 2416 posthac
617 2371 811 2404 revocatam
840 2366 934 2404 vides
958 2367 1197 2416 Dindorfium,
1231 2366 1514 2403 Bornemannum
1539 2367 1574 2400 et
1598 2364 1792 2414 Popponem
1823 2364 1960 2402 secutis.
1996 2386 2039 2391 —
2071 2364 2105 2408 1,
2130 2363 2170 2408 9,
2194 2362 2237 2401 18
2258 2363 2348 2411 vulg.

259 2427 459 2473 τοιγαροῦν
483 2424 673 2473 κράτιστοι
694 2424 750 2473 δή.
802 2427 872 2461 FE
897 2428 1098 2474 τοιγαροῦν
1119 2424 1165 2473 δὴ
1189 2424 1395 2473 κράτιστοι,
1427 2423 1522 2470 quod
1550 2434 1690 2469 prorsus
1715 2424 1945 2460 damnandum
1974 2436 2049 2460 esse
2075 2428 2198 2471 sponte
2223 2422 2349 2459 intelli-

260 2485 363 2534 gitur.
399 2508 445 2512 —
485 2486 538 2528 11,
563 2485 605 2529 3,
629 2485 678 2521 22
698 2485 788 2534 vulg.
821 2484 899 2522 ἐπεὶ
924 2482 1051 2533 μέντοι
1076 2483 1147 2534 ἤδη
1169 2483 1341 2532 ἑωρῶμεν
1360 2478 1486 2520 αὐτόν.
1537 2482 1569 2519 Η
1600 2479 1676 2519 ἐπεὶ
1701 2480 1826 2530 μέντοι
1851 2480 1967 2521 αὐτὸν
1989 2479 2061 2530 ἤδη
2087 2479 2268 2530 ἑωρῶμεν.
2322 2480 2349 2518 F

261 2542 339 2579 ἐπεὶ
366 2541 492 2590 μέντοι
513 2542 587 2591 ἤδη
607 2541 723 2581 αὐτὸν
748 2544 973 2592 ἐνεωρῶμεν,
1000 2546 1153 2593 itemque
1175 2556 1231 2580 sex
1256 2556 1275 2580 e
1298 2542 1475 2590 pejoribus
1502 2540 1606 2583 libris,
1632 2547 1872 2590 praeterquam
1897 2542 1990 2590 quod
2017 2540 2190 2587 ἑωρῶμεν
2210 2540 2349 2576 habent.

268 2602 446 2650 Vulgatum
471 2602 527 2640 hic
552 2603 708 2640 ordinem
734 2609 769 2641 et
790 2604 1032 2642 suavissimum
1059 2609 1094 2641 et
1118 2602 1334 2652 aptissimum
1360 2601 1510 2648 ideoque
1535 2598 1645 2636 solum
1669 2600 1903 2649 Xenophonte
1930 2599 2084 2648 dignum,
2110 2604 2231 2636 contra
2257 2609 2350 2642 eum,

260 2672 365 2710 quem
395 2661 552 2699 meliores
580 2662 718 2699 codices
747 2664 906 2707 offerunt,
931 2663 1056 2700 mirum
1085 2674 1189 2712 quam
1214 2661 1403 2700 absurdum
1431 2664 1466 2695 et
1489 2670 1589 2694 aures
1615 2659 1845 2695 offendentem
1868 2657 2081 2707 omninoque
2108 2670 2151 2694 ne
2177 2657 2348 2694 Graecum

261 2720 403 2769 quidem
426 2733 500 2757 esse
526 2734 664 2766 omnes,
690 2722 819 2771 quibus
845 2735 946 2760 aures
971 2727 1052 2759 sunt
1073 2727 1215 2766 teretes,
1241 2720 1469 2760 consentient.
1520 2717 1583 2754 His
1608 2719 1771 2766 expositis
1797 2718 1974 2768 probabile
1999 2730 2075 2754 esse
2101 2716 2267 2755 concedes
2292 2729 2348 2753 ve-

2538 1636 2549 2158 *m-na—u-QQ
2541 1539 2549 1624 ...n—2·-
