2549 3279
267 221 378 270 μέγα,
402 223 519 258 καλου
538 219 603 257 καὶ
629 219 829 268 ἐπίρρυτον
853 221 928 257 κτλ.
981 220 1083 264 Quae
1109 231 1179 255 non
1208 230 1350 267 prorsus
1373 232 1456 258 sana
1482 224 1578 269 puto,
1603 232 1722 258 verum
1743 220 1808 257 ml
1829 231 1908 257 cum
1933 216 2238 265 Antinum.
2251 216 2353 254 vaY

268 286 349 318 ante
375 277 494 317 καλόν
520 278 809 328 interponendum
832 290 969 321 censeo,
994 289 1064 314 non
1086 288 1158 325 quo
1181 276 1216 313 id
1240 278 1437 315 necessario
1461 278 1717 328 requiratur—
1731 279 1885 327 regulam
1909 277 2002 315 enim
2025 288 2044 313 a
2064 275 2228 313 Κϋίιιιοτο
2251 274 2304 312 ad
2319 274 2352 311 h.

269 342 289 377 Ι.
315 339 441 377 tradita
466 352 576 388 quum
602 337 678 375 aliis
704 338 872 387 exemplis
897 335 1104 374 rescinditur
1129 339 1203 372 turn
1228 334 1281 373 his
1306 348 1349 374 ex
1374 337 1448 386 ipsa
1474 337 1599 376 vicinia
1625 338 1741 387 petitis
1766 339 1800 387 (ς
1816 338 1894 387 21):
1917 332 2003 380 ὁδὸς
2027 331 2214 383 ἆμαξῑῖὅθ,
2236 330 2353 382 ὄφθίᾱ

266 397 331 435 καὶ
354 394 546 447 ἀμήχανος
567 396 826 440 είςελθεῖν-,
852 395 911 433 sed
937 393 1019 444 quia
1041 393 1159 442 ’aptius
1184 393 1282 431 adest
1306 406 1412 444 quam
1439 396 1538 433 abest
1561 401 1597 433 et
1622 408 1703 433 vero
1726 397 1830 434 etiam
1856 400 1997 445 propter
2020 397 2224 443 sequentem
2251 392 2351 441 sylla·

265 458 346 493 barn
371 455 533 494 facillime
557 455 717 492 excidere
742 458 888 502 poterat.
938 456 988 489 At
1011 464 1154 520 prorsus
1178 453 1409 491 necessariam
1432 454 1522 491 hanc
1544 455 1748 520 particulam
1773 459 1857 505 post
1878 451 1994 492 καλόν
2012 463 2089 490 esse
2107 450 2280 495 existimo,
2303 450 2351 488 ita

265 513 410 564 quidem
431 519 471 553 ut
491 524 584 563 quae
606 512 642 551 in
661 512 736 551 HF
747 511 778 550 Ε
797 511 957 560 leguntur
978 508 1073 559 μέγα
1095 510 1160 547 καὶ
1183 507 1310 557 καλόν,
1333 511 1535 562 ἐπίρρυτον
1557 513 1702 550 omnino
1716 513 1847 550 Graeca
1867 524 1943 549 esse
1962 520 2095 560 negem.
2117 511 2241 557 Neque
2258 510 2351 546 enim

264 573 430 621 cuiquam
453 571 678 635 persuadebit
689 571 873 608 Ki‘a'hnerus
894 569 1101 606 vocabulum
1127 568 1326 634 ἐπίρρυτον
1349 571 1406 608 hic
1426 584 1565 608 causam
1590 572 1753 615 indicare,
1773 583 1837 609 cur
1860 569 1902 609 τὸ
1920 571 2050 608 πεδίον
2070 560 2263 618 appelletur
2286 581 2350 606 πα·

264 629 342 668 λόν.
394 630 472 668 Imo
497 629 563 667 tria
588 628 621 666 in
648 640 772 678 campo
799 628 857 665 illo
883 627 1086 671 laudantur,
1126 627 1276 676 primum
1302 629 1397 678 quod
1421 630 1586 680 amplus(
1577 627 1711 678 (μέγα),
1748 629 1874 666 deinde
1899 628 1993 679 quod
2019 640 2178 665 amoenus
2200 624 2351 675 (καλόν),

265 690 419 738 denique
439 689 534 737 quod
553 689 676 737 fertilis
699 695 765 727 est,-
790 686 947 722 fertilitas
963 691 1080 722 autem
1105 687 1210 734 paulo
1226 689 1423 725 accuratius
1443 688 1642 736 depingitur
1665 688 1737 725 his:
1763 687 1963 735 ἐπίρρυτον
1988 687 2052 725 καὶ
2069 684 2236 733 δένδρον
2258 697 2350 723 παν,

266 749 442 784 τοδαπῶν
468 745 636 794 ἐμπλέων
661 745 727 782 καὶ
751 743 936 792 ἀμπέλων.
984 744 1156 782 Nimirum
1180 744 1244 782 καί
1269 751 1350 784 ante
1378 745 1578 794 ἐπίρρυτον
1602 746 1752 784 deletum
1776 750 1851 784 erat
1872 758 1893 784 a
1914 744 2066 791 libran'o,
2091 744 2149 784 cui
2171 743 2269 783 locus
2294 743 2351 781 ille

266 806 408 843 Homeri
432 806 478 842 ob
502 805 623 841 oculos
647 804 850 841 versabatur
874 803 1000 851 Odyss.
1034 803 1095 845 19,
1134 804 1217 840 172;
1263 802 1391 852 Κρήτη
1415 818 1471 848 τις
1492 803 1568 853 γαῖ’
1590 803 1665 841 ἐστι
1691 802 1791 852 μέσῳ
1822 803 1879 840 ἐνι
1910 804 2036 840 οἴνοπι
2068 802 2211 851 πόντῳ,
2255 801 2349 849 καλὴ

262 865 326 901 καὶ
356 865 499 911 πίειρα,
529 862 762 909 περίρρυτος.
814 862 1041 909 Quamquam
1076 861 1201 899 horum
1223 862 1490 902 diversissimam
1524 864 1693 902 rationem
1719 874 1795 900 esse
1826 862 1934 901 cuivis
1965 861 2159 911 inspicienti
2192 865 2348 911 apertum

265 928 335 964 est;
357 922 404 960 ibi
427 922 519 966 enim
545 921 674 969 duplex
701 920 874 969 appositio
901 920 1014 956 verbis
1038 917 1166 967 Κρήτη
1191 923 1280 967 γαῖα
1302 922 1543 971 subjungitur,
1578 922 1672 971 prior
1693 919 1787 968 καλὴ
1808 919 1872 957 καὶ
1901 921 2044 968 πίειρα,
2083 921 2190 957 altera
2223 920 2347 967 περίρ·

264 995 383 1028 ρυτος.
434 980 527 1017 Male
563 980 667 1028 igitur
704 979 816 1016 meriti
848 984 930 1015 sunt
957 979 1000 1015 de
1032 979 1284 1028 Xenophonte,
1318 981 1378 1029 qui
1415 980 1615 1018 melioribus
1645 979 1711 1017 hoc
1741 979 1818 1016 loco
1848 978 1945 1016 libris
1974 989 2135 1026 paruere;
2173 983 2256 1016 sunt
2286 989 2347 1015 au—

264 1048 331 1077 tem
361 1041 521 1088 Kriiqero
545 1043 691 1086 excepto
715 1051 847 1075 omnes.
876 1060 919 1065 —-
950 1039 985 1081 1,
1010 1038 1051 1082 2,
1076 1038 1123 1075 23
1149 1038 1238 1086 vulg.
1279 1037 1458 1087 Ταρσούς.
1511 1037 1859 1077 HFEDEtvs‚Y
1893 1034 2061 1085 Ταρσόν,
2102 1048 2207 1086 quam
2240 1037 2347 1074 serio-

261 1099 306 1134 ris
332 1098 456 1135 aetatis
481 1097 627 1134 formam
653 1109 673 1133 a
700 1096 839 1134 librario
869 1096 1035 1133 intrusam
1062 1108 1138 1133 esse
1169 1088 1347 1145 proximae
1374 1098 1526 1147 produnt
1557 1096 1761 1146 paragraphi
1788 1101 1809 1140 S
1836 1097 1884 1133 25
1909 1100 1945 1132 et
1966 1096 2034 1139 26,
2073 1096 2135 1131 ubi
2162 1095 2215 1132 bis
2252 1097 2346 1141 Ταρ-

262 1155 352 1200 σούς
390 1157 464 1193 sine
503 1156 696 1205 scripturae
732 1156 896 1192 varietate
933 1155 1068 1202 legitur.
1127 1156 1247 1203 Neque
1280 1156 1465 1204 quisquam
1505 1160 1643 1205 praeter
1672 1155 1872 1193 Kahnerum
1907 1154 1992 1192 illud
2035 1151 2183 1202 Ταρσόν
2222 1165 2241 1191 a
2275 1154 2345 1191 Xe-

262 1216 442 1264 nophonte
480 1228 556 1251 esse
589 1215 753 1262 scriptum
788 1214 962 1262 professus
995 1219 1058 1250 est.
1097 1237 1140 1242 -
1176 1215 1211 1258 l,
1234 1214 1273 1258 2,
1297 1216 1345 1253 25
1376 1215 1478 1264 vulgo
1508 1213 1671 1263 προτέρα
1697 1211 1828 1262 Κύρου
1858 1212 1966 1251 πέντε
1995 1209 2150 1262 ἡμέρας
2180 1210 2345 1262 ἄφίκετο.

260 1275 292 1310 fl
306 1275 377 1310 FE
402 1273 508 1310 πέντε
533 1270 674 1320 ἡμέραι
685 1288 713 1316 ς.
765 1273 968 1317 ,‚Dativus“‚
993 1273 1108 1320 inquit
1122 1273 1315 1318 Kahnerus,
1340 1275 1473 1318 „multo
1494 1273 1709 1323 frequentior
1728 1278 1813 1311 est.“
1852 1273 1961 1310 Recte
1980 1283 2083 1314 ver0;
2105 1272 2164 1310 sed
2186 1273 2250 1311 hac
2272 1273 2346 1323 ipsa

260 1334 303 1369 de
330 1345 433 1370 causa
459 1332 597 1369 dativus
621 1337 695 1368 erat
720 1331 996 1380 posthabendus,
1029 1331 1062 1368 id
1094 1332 1189 1380 quod
1214 1332 1368 1370 fecerunt
1395 1333 1459 1370 soli
1488 1333 1689 1382 Dindorfius
1712 1336 1748 1369 et
1770 1332 1958 1381 szqenoe.
1985 1352 2030 1359 -
2060 1332 2093 1375 1,
2117 1331 2158 1376 3,
2187 1333 2231 1370 19
2256 1333 2345 1381 vulg.

259 1390 493 1438 ἀπαγγεῖλαι
520 1391 642 1437 δεῦρο.
678 1391 795 1427 HFE
819 1387 1060 1436 ἀναγγεῖλαι,
1083 1391 1179 1438 quod
1204 1403 1222 1426 e
1242 1396 1263 1432 s
1287 1391 1335 1427 20
1360 1391 1427 1427 huc
1452 1392 1605 1428 delatum
1628 1403 1704 1427 esse
1727 1390 1821 1427 solus
1848 1390 2023 1438 perspexit
2044 1391 2223 1438 Km'a'qerut
2244 1391 2344 1428 stud.

258 1449 540 1497 historico-phil.
566 1450 614 1491 11,
637 1461 669 1496 p.
701 1449 778 1484 110.
805 1469 847 1474 -
873 1450 900 1491 1,
923 1449 956 1491 5,
976 1450 1000 1484 2
1024 1450 1112 1497 vulg.
1135 1446 1230 1485 πολὺ
1250 1451 1328 1486 τοῦ
1347 1450 1482 1486 ἵππου
1506 1452 1646 1486 θᾶττον
1666 1448 1812 1497 ἔτρεχον
1837 1448 1888 1496 (οἱ
1908 1445 2020 1497 ὅνοι)·
2044 1447 2109 1485 καὶ
2132 1446 2246 1486 πάλιν
2267 1448 2344 1486 ἐπεὶ

256 1506 449 1556 πλησιάζοι
469 1504 490 1545 ὁ
515 1507 637 1552 ἵππος,
663 1504 779 1544 ταύτὰ
805 1505 968 1544 ἐποίουν.
1007 1507 1079 1545 HF
1093 1508 1123 1545 E
1137 1508 1169 1545 D
1184 1509 1229 1546 Et
1243 1509 1271 1545 V
1285 1509 1308 1546 S
1333 1510 1420 1545 τῶν
1446 1509 1586 1546 ἵππων
1613 1506 1759 1556 ἔτρεχον
1782 1508 1922 1544 θᾶττον
1944 1519 1984 1544 ac
2005 1507 2168 1557 deinceps
2191 1506 2343 1556 πλησιά-

255 1569 351 1611 ζοιεν
382 1567 422 1603 οἱ
450 1567 577 1611 ἵπποι,
612 1563 750 1603 ταύτὸν
779 1564 933 1603 ἐποίουν
963 1568 1028 1614 ¹⁸).
1086 1567 1217 1603 Mirum
1248 1573 1417 1615 quantum
1451 1568 1516 1604 hoc
1549 1568 1626 1604 loco
1657 1567 1789 1604 libidini
1821 1579 1905 1603 suae
1936 1567 2130 1615 corrigendi
2163 1568 2345 1605 indulserit

255 1626 416 1664 librarius
445 1626 519 1675 ejus
543 1625 684 1669 codicis,
710 1637 753 1662 ex
780 1637 851 1674 quo
874 1626 979 1663 ceteri
1006 1638 1199 1663 manavere.
1247 1627 1411 1664 Editores
1435 1626 1574 1675 quidem
1597 1625 1640 1663 ad
1664 1638 1773 1663 unum
1799 1637 1921 1662 omnes
1944 1647 1991 1653 -
2014 1638 2059 1663 ne
2083 1626 2239 1674 Krit'qero
2265 1626 2341 1675 qui-

255 1685 333 1722 dem
369 1690 524 1729 exemto,
559 1685 620 1734 qui
647 1684 731 1734 quid
754 1684 809 1721 hic
831 1685 942 1733 egerit
965 1697 1035 1722 non
1063 1685 1321 1734 comprehendo
1345 1706 1393 1712 -
1417 1685 1623 1734 singularem
1648 1685 1703 1723 hic
1727 1685 1942 1722 extrinsecus
1969 1686 2140 1722 invectum
2165 1698 2242 1723 esse
2267 1686 2341 1735 opi-

256 1750 383 1781 nantur
414 1749 557 1793 propter
582 1744 791 1781 antecedens
818 1757 882 1786 τις.
933 1744 974 1780 Id
1000 1756 1081 1781 vero
1108 1749 1147 1780 ut
1176 1745 1310 1781 credam
1341 1757 1519 1793 nunquam
1547 1745 1714 1786 adducar:
1744 1757 1799 1787 τις
1829 1744 1920 1781 enim
1951 1744 2035 1781 illud
2069 1745 2130 1793 qui
2162 1745 2205 1782 de
2238 1757 2341 1794 equo,

257 1815 325 1839 non
349 1803 393 1840 de
418 1802 561 1840 homine
589 1802 797 1851 intelligeret
823 1801 979 1851 profecto
1009 1802 1162 1851 stipitem
1195 1815 1269 1839 esse
1295 1803 1489 1851 oportebat.
1539 1804 1616 1840 lmo
1641 1803 1676 1840 in
1703 1807 1869 1851 promptu
1893 1808 1946 1839 est
1965 1803 2161 1846 librarium,
2186 1803 2247 1851 qui
2276 1805 2341 1840 sub

254 1863 356 1899 linem
383 1862 486 1911 hujus
508 1861 759 1899 enuntiationis
790 1862 905 1909 plures
929 1874 1040 1910 equos
1063 1862 1326 1899 commemorari
1352 1862 1563 1910 expenderet
1590 1862 1804 1910 omninoque
1830 1860 1885 1898 hic
1912 1867 1952 1899 ut
1972 1861 2016 1899 de
2040 1860 2198 1910 pluribus
2224 1862 2341 1907 asinis,

255 1921 303 1956 sic
330 1921 433 1956 etiam
457 1921 501 1957 de
524 1920 683 1968 pluribus
709 1920 808 1967 equis
835 1920 1047 1968 loquendum
1070 1933 1145 1957 esse
1164 1927 1309 1969 putaret,
1330 1921 1538 1969 singularem
1561 1922 1628 1956 τοῦ
1647 1921 1762 1956 ἵππου
1777 1915 1855 1957 -ὁ
1880 1920 1989 1963 ἵππος
2012 1920 2047 1957 in
2075 1921 2240 1969 pluralem
2264 1934 2339 1958 mu-

256 1986 356 2015 tasse.
411 1979 508 2024 Quin
535 1979 568 2015 in
595 1978 649 2015 his
678 1977 756 2015 ἐπεὶ
785 1981 891 2026 πλησ.
923 1979 962 2015 οἱ
989 1979 1094 2016 ἵπποι
1124 1981 1290 2028 pluralem
1319 1993 1363 2017 ne
1389 1981 1437 2017 rei
1464 1979 1604 2029 quidem
1628 1978 1670 2017 de
1697 1991 1765 2027 qua
1792 1990 1906 2016 sermo
1929 1984 1982 2016 est
2008 1979 2190 2017 convenire
2211 1979 2340 2029 judico.

256 2061 297 2065 —-
325 2039 353 2081 1,
378 2039 412 2082 5,
436 2038 459 2074 6
481 2039 569 2086 vulg.
596 2035 686 2074 ἑπτὰ
710 2035 869 2084 ὀβολοὺς
890 2037 954 2074 καὶ
976 2035 1193 2086 ἡμιοβόλιον
1218 2036 1430 2082 Ἀττικούς.
1465 2040 1497 2076 H
1518 2036 1693 2075 Ἀττικόν
1715 2037 1893 2075 manifesta
1915 2039 2139 2076 correctione.
2177 2040 2218 2076 V.
2243 2041 2338 2078 Kuk-

254 2110 382 2134 nerum.
411 2119 453 2123 —-
483 2098 510 2139 1,
534 2097 588 2139 10,
611 2097 634 2133 6
656 2097 745 2144 vulg.
764 2094 909 2139 τούς-
923 2096 1040 2144 πρὸς
1062 2095 1148 2141 τοὺς
1160 2096 1343 2146 Έλληνας
1365 2096 1698 2145 αὐτομολήσαντας.
1724 2097 1797 2133 HF
1810 2097 1902 2134 DEt
1922 2095 2029 2133 κατὰ
2049 2096 2136 2141 τούς
2145 2096 2337 2146 ”Ελληνας,

251 2155 345 2204 quod
371 2156 434 2192 etsi
459 2168 477 2192 a
506 2155 646 2192 librario
669 2166 689 2192 e
713 2155 870 2204 proxima
902 2156 1116 2205 paragrapho
1145 2156 1211 2194 huc
1235 2159 1367 2194 illatum
1389 2169 1465 2194 esse
1492 2156 1710 2205 perspicuum
1736 2155 1797 2198 sit,
1832 2160 1947 2192 tamen
1971 2156 2015 2193 ab
2043 2156 2225 2202 omnibus,
2259 2158 2287 2195 si
2318 2171 2337 2195 a

251 2216 409 2263 Kru'qero
431 2215 641 2257 discesseris,
664 2219 793 2251 temere
817 2220 1011 2252 assumtum
1035 2221 1097 2252 est.
1119 2238 1161 2243 —
1188 2217 1335 2261 1‚10,7
1363 2217 1453 2265 vulg.
1482 2214 1794 2264 Τισσαφέρνης-
1813 2213 1941 2264 ἤλασε
1958 2213 2061 2263 παρὰ
2083 2214 2149 2254 τὸν
2170 2214 2338 2265 ποταμὸν

251 2272 343 2310 κατὰ
366 2272 453 2317 τοὺς
465 2272 658 2322 Έλληνας.
696 2275 768 2311 HF
783 2274 815 2310 D
844 2271 1039 2321 διήλασε,
1065 2275 1159 2324 quod
1182 2277 1222 2313 ad
1249 2288 1357 2314 unum
1381 2287 1504 2312 omnes
1529 2276 1710 2324 probatum
1736 2276 1927 2313 voluerunt.
1977 2276 2056 2324 Ego
2079 2288 2160 2313 vero
2182 2276 2335 2314 dubitavi

251 2334 402 2382 recipere
426 2334 521 2383 quod
552 2346 621 2370 non
648 2333 771 2370 dubito
794 2333 880 2382 quin
903 2334 1043 2372 librario
1064 2335 1242 2380 debeatur,
1270 2335 1330 2385 qui
1358 2340 1501 2385 propter
1524 2335 1639 2372 locum
1668 2335 1718 2380 11,
1742 2336 1776 2380 3,
1804 2336 1847 2373 19
1872 2335 1922 2373 vel
1950 2335 2087 2385 potius,
2113 2335 2194 2385 quia
2219 2336 2334 2374 statim

250 2398 416 2440 sequatur
441 2390 667 2437 διελαύνων,
694 2392 743 2430 sic
770 2392 1013 2440 corrigendum
1040 2407 1117 2431 esse
1142 2395 1292 2432 duceret.

423 2452 533 2488 Porro
566 2464 609 2488 ne
639 2452 884 2489 additamentis
914 2453 1055 2501 quidem
1083 2454 1161 2490 libri
1197 2455 1354 2491 meliores
1388 2457 1527 2495 vacant,
1565 2453 1599 2489 id
1631 2454 1724 2502 quod
1756 2455 1871 2491 multis
1898 2454 2062 2502 exemplis
2099 2455 2337 2503 comprobavit

249 2510 428 2558 Kria'qerus
457 2510 555 2548 stud.
583 2510 862 2560 historico-phil.
889 2512 934 2556 11,
962 2525 993 2561 p.
1021 2512 1089 2549 108
1115 2525 1191 2561 sqq.
1242 2514 1271 2550 E
1299 2512 1387 2549 libro
1414 2512 1526 2560 primo
1551 2512 1617 2549 huc
1643 2514 1811 2561 pertinent
1837 2516 1865 2559 l,
1889 2515 1922 2558 2,
1945 2514 1986 2558 3,
2012 2513 2071 2550 ubi
2097 2525 2204 2562 quum
2234 2514 2334 2562 vulgo

249 2570 383 2616 legatur
406 2570 565 2606 Πασίων
578 2592 623 2597 ——
637 2570 690 2612 εἰς
714 2568 957 2614 ἑπτακοσίους
978 2570 1071 2618 ἔχων
1098 2569 1237 2619 ἄνδρας
1256 2570 1488 2619 παρεγένετο,
1516 2572 1547 2607 Η
1561 2573 1588 2609 F
1601 2573 1630 2609 E
1644 2573 1674 2609 D
1688 2573 1774 2611 Etv
1788 2574 1811 2611 S
1827 2575 1857 2611 Y
1883 2574 1948 2621 legi
1966 2573 2090 2622 jubent
2115 2574 2273 2610 Πασίων
2287 2588 2330 2608 -ο

426 2708 473 2738 ¹⁷)
498 2710 561 2735 Hac
585 2709 678 2737 litei-a
703 2710 752 2736 hic
774 2711 941 2737 brevitatis
963 2719 1061 2738 causa
1083 2712 1223 2746 insignio
1244 2711 1536 2744 Guen'erbymnnm.

428 2757 474 2786 ¹³)
502 2757 654 2791 Perquam
678 2758 847 2793 negligens
869 2760 917 2786 hic
941 2759 970 2787 in
994 2759 1182 2788 diversitate
1202 2761 1373 2790 lectionum
1396 2761 1561 2788 iudicanda
1585 2762 1641 2789 fuit
1667 2760 1733 2789 11'121·
1736 2770 1833 2789 nnnnnn
