2549 3279
1239 90 1263 122 6

195 202 312 239 dicere
337 199 447 238 voluit
475 199 692 248 Xenophon:
727 198 981 249 prehendebam
1002 199 1165 234 Orontem
1189 196 1345 246 cinqulo,
1385 200 1434 242 lie
1458 200 1584 243 fafiten
1610 204 1676 235 ben
1696 199 1766 236 Dr.
1796 200 1894 235 heim
1916 199 2077 240 Θῆτίεῐ,
2123 198 2218 246 quod
2243 202 2296 235 est

195 259 373 308 ἐλάβοπο
394 257 463 295 τὸν
483 257 663 307 Ὀρόντην
681 258 745 305 τῆς
764 256 890 304 ζώνης.
937 257 979 291 V.
1004 255 1168 291 editionis
1191 267 1289 291 meae
1316 256 1543 304 appendicem
1563 257 1823 305 grammaticam
1849 256 1879 304 §.
1901 256 1936 300 2,
1955 256 1990 299 5,
2014 268 2044 292 a.
2076 269 2108 304 p.
2132 258 2216 294 404.

369 319 398 361 1,
421 317 456 362 8,
483 319 498 354 l
528 319 644 354 πᾶσιν
666 314 766 364 ἐβόα,
791 314 848 352 ὅτι
873 312 1045 362 βασιλεὺς
1070 311 1142 349 σὺν
1164 312 1408 362 στρατεύματι
1429 315 1555 365 πολλῷ
1576 313 1824 365 προςέρχεται,
1848 315 1910 353 ubi
1932 314 2028 364 quod
2051 315 2125 351 HF
2137 315 2168 351 E
2196 327 2294 365 prae-

196 379 254 414 bet
273 374 514 425 προέρχεται
533 376 641 414 tutari
662 388 767 413 nemo
787 386 894 411 ausus
915 376 977 409 est.
1023 372 1328 420 Praepositionum
1349 373 1494 412 istarum
1516 375 1726 412 creberrima
1747 375 1782 411 in
1802 374 1981 422 codicibus
2000 374 2210 423 permutatio
2232 380 2293 413 est.

371 438 404 481 1,
429 436 472 481 8,
498 438 522 474 3
555 435 652 473 ἔνθα
677 433 723 483 δὴ
748 432 864 477 πολὺς
887 430 1049 479 τάραχος
1075 430 1217 479 ἐγένετο
1232 453 1288 469 --.
1341 433 1434 470 Καὶ
1459 432 1588 482 Κῦρός
1619 447 1657 472 τε
1689 432 1949 483 καταπηδήσας
1975 431 2016 470 ἐκ
2039 434 2107 470 τοῦ
2132 430 2295 481 ἅρματος

194 494 260 531 τὸν
287 493 449 544 θώρακα
474 494 584 532 ἐνέδυ
606 516 650 522 -
671 497 749 536 τοῖς
772 505 810 529 τε
842 490 970 534 ἄλλοις
998 492 1091 527 πᾶσι
1120 488 1372 538 παρήγγελλεν
1402 491 1669 538 ἐξοπλίζεσθαι.
1720 494 1881 543 Vulgaris
1913 493 1999 530 haec
2030 497 2084 529 est
2112 492 2292 541 scriptura.

194 557 243 591 At
275 555 502 593 HFEDEt
534 554 702 593 omittunt
742 551 827 596 καί,
865 550 962 599 quod
998 550 1158 600 proxima
1192 561 1272 587 cum
1312 552 1599 590 antecedentibus
1639 553 1828 603 conjungit.
1878 553 2075 590 Kiihnerum
2111 551 2292 589 meliorum

195 614 366 649 librorum
401 615 511 660 gratia
548 615 580 649 id
610 613 783 648 imitatum
816 622 892 645 esse
923 623 995 646 non
1024 615 1077 646 est
1103 610 1197 658 quod
1229 610 1427 652 demireris;
1465 612 1555 648 idem
1582 617 1698 649 autem
1719 612 1840 649 secisse
1862 614 2057 662 Popponem
2081 624 2163 648 sane
2188 624 2292 659 quam

196 672 347 710 maxime
374 672 494 709 miror.
544 673 620 721 Ego
647 682 730 708 vero
755 667 965 718 asyndeton,
989 668 1085 718 quod
1112 667 1239 705 omissa
1263 668 1328 706 ista
1355 669 1525 719 particula
1551 669 1714 714 efficitur,
1745 675 1816 707 tam
1842 671 1968 708 durum
1994 675 2135 719 tamque
2160 669 2293 707 inaudi-

193 737 269 767 tum
296 732 398 773 duco,
420 737 460 766 ut
487 732 590 772 illam,
611 729 746 765 etiamsi
775 729 809 762 in
835 729 1001 763 omnibus
1028 728 1124 764 libris
1150 733 1184 763 et
1201 728 1302 764 editis
1328 734 1363 764 et
1387 741 1493 765 manu
1514 729 1652 775 scriptis
1675 730 1821 772 abesset,
1849 730 1939 766 illico
1963 737 2078 766 tamen
2101 730 2291 766 addendam

192 802 269 828 esse
296 788 553 828 contenderem.
606 786 684 825 Καί
709 790 749 824 ut
775 784 969 830 excideret,
993 785 1103 835 prima
1132 783 1278 835 proximi
1305 786 1465 824 vocabuli
1490 785 1617 836 syllaba
1643 786 1767 824 effecit.

368 850 395 890 1,
424 850 457 889 8,
479 850 502 883 6
528 846 657 893 Κῦρός
680 859 717 881 τε
743 846 807 881 καὶ
834 847 957 887 ἱππεῖς
979 844 1052 891 μετ’
1080 844 1197 882 αὐτοῦ
1219 844 1410 892 ἕξακόσιρι
1433 845 1487 893 (ἐν
1509 849 1560 894 τῷ
1584 844 1763 894 εὐωνύμῳ
1783 845 1964 893 ἕστασαν).
2012 849 2067 884 Sic
2094 849 2207 895 vulgo,
2228 849 2291 884 nisi

191 907 288 956 quod
317 918 382 955 ego
407 919 445 943 τε
469 918 532 955 pro
559 903 600 943 δέ
624 906 784 954 Kriae'qero
810 910 955 941 auctore
982 903 1073 948 dedi,
1099 908 1137 940 ut
1168 904 1255 952 Cyro
1280 916 1424 954 quoque
1448 904 1564 954 justus
1588 904 1622 941 in
1645 903 1718 941 acie
1743 903 1841 940 locus
1866 904 2087 941 attribuatur.
2138 906 2179 942 V.
2204 918 2293 955 quae

193 967 235 1002 ad
262 967 375 1013 ipsum
407 967 521 1001 locum
554 965 589 999 in
622 964 775 1000 editione
806 977 884 1000 mea
913 964 1070 1011 exposui.
1122 963 1188 999 Sed
1213 962 1342 1011 duplici
1371 968 1548 1011 praeterea
1575 964 1680 1000 modo
1704 964 1788 999 haec
1817 964 1851 999 in
1881 964 2080 1000 melioribus
2111 966 2207 1001 libris
2233 967 2290 1002 de-

192 1029 331 1074 pravata
366 1028 458 1061 sunt.
511 1023 667 1060 Primum
700 1035 763 1073 pro
800 1022 922 1066 ῖππεῐς
956 1019 1030 1070 μετ’
1060 1018 1176 1058 αὐτοῦ
1213 1022 1439 1059 HFEDEt
1470 1022 1591 1066 ἱππεῖς
1621 1020 1798 1058 τούτου.
1854 1021 1978 1058 Tibine
2012 1034 2094 1058 vero
2128 1024 2292 1061 credibile

191 1096 266 1119 esse
288 1084 427 1119 videtur
451 1095 513 1130 pro
537 1081 672 1118 τούτου
697 1084 748 1118 vel
772 1095 880 1117 unum
904 1082 1083 1117 librarium
1110 1082 1200 1116 nulla
1223 1087 1371 1128 cogente
1397 1083 1602 1118 necessitate
1626 1082 1803 1129 scripsisse
1829 1079 1902 1127 μετ’
1929 1078 2044 1119 αὐτοῦ
2066 1095 2106 1118 ac
2132 1096 2202 1119 non
2225 1084 2291 1120 hoc

190 1141 325 1179 τούτου
345 1142 548 1191 simpliciter
569 1155 588 1178 e
612 1139 684 1189 μετ’
706 1138 823 1177 αὐτοῦ
848 1140 968 1188 primis
993 1140 1100 1176 literis
1122 1139 1282 1186 neglectis
1308 1137 1479 1188 (τάύτοῦ)
1504 1145 1708 1189 corruptum
1737 1141 1834 1177 esse?
1885 1141 1931 1178 Et
1948 1140 2239 1189 Xenophontem,
2262 1143 2288 1179 si

192 1201 340 1238 solemni
369 1201 406 1237 in
430 1200 560 1237 talibus
584 1200 734 1236 formula
757 1198 831 1247 μετ’
859 1197 976 1235 αὐτοῦ
1002 1199 1058 1235 hic
1086 1198 1137 1234 uti
1164 1198 1346 1241 noluisset,
1382 1199 1448 1235 hoc
1479 1197 1614 1235 τούτου
1639 1199 1858 1248 potissimum
1882 1211 1921 1235 ac
1947 1212 2017 1236 non
2046 1197 2163 1236 αὐτοῦ
2189 1213 2288 1236 usur-

193 1266 358 1309 paturum
382 1260 490 1297 fuisse
508 1260 710 1297 existimas?
762 1261 888 1308 ltaque
913 1258 1047 1306 optimo
1068 1258 1146 1306 jure
1170 1263 1304 1305 practer
1316 1259 1513 1307 Kru'qemm
1534 1257 1636 1295 etiam
1652 1258 1917 1296 Bornemannus
1941 1259 2111 1307 vulgatam
2138 1259 2291 1298 retinuit.

192 1319 354 1356 Alterum
382 1318 505 1355 vitium
533 1323 587 1354 cst
611 1318 653 1354 οἱ
679 1318 818 1361 ἱππεῖς,
857 1317 953 1365 quod
979 1322 1031 1352 est
1056 1317 1088 1351 in
1115 1316 1187 1352 solo
1213 1317 1244 1350 11
1269 1328 1332 1364 pro
1357 1317 1452 1353 nudo
1483 1317 1615 1359 ἱππεῖς.
1667 1317 1822 1353 Omnino
1852 1318 2019 1353 articulus
2044 1319 2124 1360 iste,
2163 1320 2191 1354 si
2216 1318 2289 1365 μετ’

190 1377 307 1416 αὐτοῦ
329 1377 469 1426 scripsit
483 1377 695 1425 Xenophon,
719 1390 780 1414 sua
807 1382 931 1425 sponte
956 1375 1117 1413 concidit.
1168 1375 1330 1424 Eumque
1358 1374 1463 1412 fuisse
1489 1375 1550 1424 qui
1574 1375 1630 1413 hic
1656 1375 1850 1425 reciperent
1870 1376 1935 1413 hoc
1961 1377 2067 1425 magis
2094 1377 2287 1415 mirandum

190 1442 261 1482 est,
279 1449 353 1487 quo
379 1436 514 1473 facilius
539 1436 613 1472 fieri
641 1435 755 1485 potuit
779 1442 818 1472 ut
841 1435 933 1471 idem
960 1435 1155 1476 itacismuS,
1178 1435 1231 1470 cui
1258 1436 1284 1478 1,
1309 1436 1343 1478 5,
1370 1436 1412 1470 14
1440 1435 1487 1470 οἱ
1508 1440 1588 1471 ante
1612 1433 1765 1482 ὕστερος
1787 1436 1830 1471 ab
1855 1436 1988 1484 optimo
2015 1437 2133 1472 codice
2157 1437 2287 1473 exhibi-

191 1503 265 1533 tum
302 1497 469 1538 debetur,
500 1495 604 1531 etiam
629 1495 686 1531 hic
713 1495 902 1530 articulum
927 1499 1062 1530 crearet
1086 1494 1204 1529 initiali
1234 1494 1353 1529 literae
1385 1493 1563 1540 sequentis
1589 1494 1746 1530 vocabuli
1774 1492 2019 1541 ἰσόφθογγον.
2070 1496 2290 1544 Recepcrunt

188 1561 306 1592 tamen
330 1554 536 1604 Dt'ndorfius
557 1558 665 1602 atque
688 1553 892 1590 Hertlinz'us.

365 1613 454 1650 lbid.
479 1613 584 1660 vulgo
609 1612 792 1655 ἱππεῖς-
806 1609 1035 1658 ὠπλισμένοι
1056 1609 1201 1657 θώραξι
1220 1608 1439 1657 μεγάλοις
1461 1610 1525 1646 καὶ
1546 1612 1847 1658 παραμηριδίοις.
1898 1611 1966 1648 Sed
1990 1612 2018 1648 F
2031 1613 2061 1648 E
2074 1613 2106 1649 D
2122 1614 2175 1649 V2
2203 1615 2287 1650 mira

187 1673 404 1710 dissensione
429 1670 579 1720 θώραξι
604 1671 686 1718 μὲν
710 1668 848 1707 αὐτοὶ
871 1670 935 1707 καὶ
959 1682 1009 1714 π.,
1034 1670 1259 1719 similiterque
1282 1670 1317 1706 H
1348 1668 1429 1716 μὲν
1455 1667 1618 1707 αὐτῶν.
1670 1670 1844 1707 Librarios
1867 1670 1922 1707 hic
1947 1671 2152 1709 alterutrum
2177 1672 2286 1709 scien-

188 1737 240 1767 tes
264 1744 305 1767 ac
326 1732 444 1767 dedita
467 1743 575 1779 opera
602 1731 795 1767 correxisse
823 1742 894 1765 non
918 1734 970 1765 est
993 1728 1188 1777 probabile:
1222 1729 1292 1764 imo
1314 1728 1461 1764 alterum
1487 1741 1527 1764 ex
1554 1729 1662 1765 altero
1684 1734 1887 1777 corruptum
1914 1741 1989 1766 esse
2013 1735 2117 1777 patet.
2168 1731 2204 1768 Si
2226 1744 2287 1768 au-

188 1798 258 1829 tem
286 1791 425 1840 linguae
451 1791 545 1840 leges
571 1796 718 1840 spectas,
742 1789 911 1828 librorum
939 1788 1123 1826 meliorum
1150 1787 1316 1837 scriptura
1342 1792 1485 1837 propter
1508 1787 1699 1827 inauditam
1721 1785 1790 1836 μέν
1813 1788 2004 1838 particulae
2025 1788 2286 1828 collocationem

190 1851 262 1898 ipsa
289 1863 364 1886 sese
388 1851 611 1886 condemnat.
663 1850 818 1886 Graecos
846 1849 988 1895 quidem
1016 1849 1051 1883 in
1078 1847 1284 1883 collocandis
1308 1846 1378 1893 μέν
1404 1854 1439 1883 et
1466 1848 1505 1883 δέ
1531 1848 1709 1895 particulis
1733 1861 1804 1884 non
1826 1861 1964 1896 semper
1989 1850 2156 1886 orationis
2180 1863 2285 1886 mem-

189 1910 334 1946 brorum
357 1909 627 1946 concinnitatem
652 1907 753 1944 anxie
775 1907 960 1944 observare
982 1906 1072 1943 inter
1097 1918 1215 1944 omnes
1245 1910 1392 1946 constat.
1443 1906 1513 1944 Sed
1548 1906 1632 1944 haec
1664 1906 1844 1944 collocatio
1873 1912 1989 1945 tamen
2017 1911 2109 1944 certa
2138 1908 2285 1957 quadam

189 1963 264 2016 lcge
297 1968 465 2005 adstricta
497 1973 569 2010 est,
609 1967 671 2003 abs
698 1979 768 2015 qua
798 1966 923 2003 Gracci
955 1978 1146 2014 numquam
1182 1966 1364 2009 recedunt,
1402 1979 1517 2014 neque
1543 1966 1679 2003 inanius
1705 1967 1894 2015 quidquam
1925 1972 1977 2003 est
2003 1966 2192 2015 hyperbato
2217 1968 2286 2011 illo,

190 2027 287 2076 quod
314 2027 459 2064 Graecis
484 2026 618 2063 licitum
650 2025 756 2062 fuisse
782 2025 847 2061 sibi
877 2025 1094 2072 grammatici
1119 2025 1272 2062 nonnulli
1296 2030 1553 2073 persuaserunt.
1604 2025 1673 2062 Res
1696 2026 1745 2062 sic
1772 2038 1847 2063 sese
1872 2025 1985 2063 habet.
2037 2026 2103 2063 Ubi
2126 2039 2196 2063 una
2224 2041 2284 2064 no-

186 2087 237 2122 tio
263 2086 363 2122 alteri
391 2086 495 2122 alicui
521 2097 563 2121 ex
588 2084 733 2121 adverso
760 2085 919 2133 ponitur,
952 2082 1021 2130 μέν
1048 2084 1127 2120 huic
1153 2085 1214 2132 ipsi
1236 2084 1373 2120 notioni
1399 2084 1636 2132 subjungitur,
1670 2090 1710 2121 ut
1735 2085 1770 2121 in
1793 2079 1842 2132 ἦν
1866 2083 1977 2129 καλὸς
2001 2084 2090 2132 μέν,
2116 2084 2230 2133 μέγας
2254 2085 2285 2123 δ’

188 2142 235 2181 οὔ
263 2145 334 2188 lv,
356 2146 399 2188 4,
425 2145 448 2181 3
472 2149 507 2180 et
539 2144 573 2179 in
604 2142 737 2190 ἐξῆγον
762 2142 830 2189 μὲν
857 2140 921 2186 οὔ,
962 2141 1209 2179 συνεκάλεσαν
1234 2141 1275 2179 δέ
1309 2143 1375 2186 vl,
1398 2143 1437 2185 2,
1461 2142 1518 2178 20.
1570 2143 1636 2180 Ubi
1661 2156 1742 2180 vero
1768 2145 1937 2181 sententia
1960 2150 2034 2182 tota
2060 2145 2157 2181 alteri
2181 2146 2285 2182 alicui

188 2204 382 2241 sententiae
405 2216 446 2240 ex
473 2203 621 2240 adverso
648 2202 808 2251 ponitur,
832 2201 901 2249 μὲν
927 2202 1039 2250 primo
1066 2202 1269 2251 plerumque
1292 2201 1345 2238 vel
1370 2201 1467 2237 alteri
1494 2213 1615 2238 corum
1641 2215 1681 2239 ex
1706 2203 1833 2252 quibus
1858 2203 1914 2240 illa
1939 2209 2077 2241 constat
2099 2205 2284 2241 vocabulo-

186 2276 263 2299 rum
290 2263 510 2299 adhaerescit
537 2264 611 2309 10)‚
634 2266 674 2297 ut
697 2261 732 2296 in
758 2259 957 2308 φιλοσόφῳ
979 2260 1048 2306 μὲν
1076 2259 1206 2305 ἔοικας,
1232 2261 1315 2296 ἴσθι
1339 2259 1466 2306 μέντοι
1490 2258 1644 2308 ἀνόητος
1668 2260 1722 2298 ὤν
1740 2263 1786 2306 ΙΙ,
1813 2264 1842 2306 l,
1871 2263 1925 2306 13,
1949 2275 2040 2310 quae
2064 2264 2167 2299 verba
2194 2265 2284 2301 salva

187 2322 358 2360 sententia
384 2322 490 2360 etiam
517 2320 567 2358 sic
590 2319 775 2369 disponere
808 2319 947 2357 licebat:
985 2318 1107 2365 ἔοικας
1139 2318 1204 2368 μὲν
1229 2316 1429 2369 φιλοσόφῳ
1453 2321 1548 2365 κτλ,
1590 2324 1624 2358 et
1654 2320 1688 2358 in
1723 2321 1851 2370 Κῦρος
1882 2320 2193 2371 αἰδημονέστατος
2216 2321 2285 2371 μέν

185 2384 335 2429 πρῶτον
360 2381 482 2420 ἐδόκει
507 2377 617 2425 εἶναι,
640 2379 763 2416 ἔπειτα
785 2379 825 2416 δὲ
848 2379 1114 2428 φιλιππότατος
1133 2381 1159 2423 1,
1177 2382 1208 2425 9,
1230 2382 1264 2423 5,
1288 2392 1378 2428 quae
1399 2380 1502 2416 ctiam
1528 2380 1576 2415 sic
1599 2382 1760 2429 componi
1787 2387 1966 2431 poterant:
1986 2383 2114 2429 Κῦρος
2136 2384 2285 2429 πρῶτον

186 2441 254 2488 μὲν
274 2442 399 2490 αἰδημ.
427 2441 478 2479 ἐδ.
503 2437 602 2478 εἶναι
627 2442 727 2484 κτλ,
761 2445 883 2487 estque
907 2452 947 2477 ea
971 2440 1132 2477 usitatior
1155 2440 1345 2478 collocandi
1375 2440 1482 2484 ratio,
1505 2441 1586 2489 quia
1609 2442 1757 2488 πρῶτον
1781 2441 1852 2479 fere
1877 2442 1913 2478 in
1937 2441 2051 2478 fronte
2073 2442 2283 2480 enuntiatio-

186 2501 239 2536 nis
265 2502 418 2550 ponitur.
469 2500 581 2548 Atqui
604 2499 671 2535 hoc
698 2500 794 2541 loco,
830 2498 858 2534 si
891 2498 1087 2547 hujusmodi
1119 2500 1292 2548 oppositio
1321 2504 1431 2541 essct,
1469 2512 1539 2534 non
1565 2506 1705 2547 possent
1733 2502 1799 2537 nisi
1821 2502 1885 2537 hae
1916 2501 2006 2536 duae
2033 2501 2192 2536 notiones
2218 2502 2282 2537 sibi

185 2561 368 2609 oppositae
390 2573 483 2597 esse:
518 2557 627 2596 αὐτοί
652 2558 702 2606 (οἱ
724 2559 856 2605 ἱππεῖς)
884 2564 919 2594 et
944 2557 982 2593 οί
1006 2558 1110 2595 ἵπποι
1136 2560 1155 2606 §
1182 2561 1212 2597 7.
1259 2559 1465 2596 Rectissime
1489 2558 1595 2607 igitur
1623 2560 1821 2609 Kru'qerus,
1852 2560 1909 2604 „Si
1938 2560 2125 2608 scriptor,“
2159 2560 2282 2609 inquit,

366 2704 413 2736 ¹⁰)
437 2702 618 2729 Tenendum
643 2705 695 2728 est
716 2706 840 2735 antem,
862 2701 889 2727 si
913 2702 1045 2734 1101111111,
1080 2702 1130 2729 cui
1151 2700 1204 2737 μέν
1228 2711 1263 2729 se
1280 2701 1416 2737 ‚iun-gat,
1437 2701 1593 2729 articulus
1616 2703 1665 2730 vel
1689 2702 1885 2737 praepositio
1906 2704 2092 2739 antecedat,
2118 2700 2173 2737 μέν
2199 2703 2281 2731 inter

186 2756 350 2784 nurumque
375 2754 442 2777 lere
466 2751 637 2784 collocari,
657 2751 685 2776 si
708 2750 801 2776 etiam
826 2750 1108 2777 demonstrativum
1130 2753 1266 2779 articulo
1289 2752 1470 2783 antecedat,
1492 2750 1551 2783 ipsi
1574 2753 1801 2779 demonstravo
1820 2752 2056 2779 inhaerescere.
