2549 3279
1200 110 1223 146 3

164 222 283 258 λεσθε.
303 239 347 247 --
375 218 404 263 1,
425 217 458 263 3,
488 218 533 255 14
549 217 646 256 solus
670 217 705 254 H
728 210 758 254 ὦ
780 217 851 267 (sic)
875 216 941 256 ἐὰν
961 217 1107 267 ἕλησθε,
1128 216 1225 267 quod
1245 222 1362 256 tamen
1382 217 1565 267 Dmdorfio
1590 223 1624 255 et
1643 218 1807 257 Kfflmero
1829 223 1963 257 tantum
1985 220 2107 260 habuit
2130 228 2249 260 aucto—

165 280 293 323 ritatis,
320 282 362 316 ut
383 277 465 315 inde
490 276 669 315 efficerent
689 268 719 325 ᾧ
744 273 792 314 ἂν
817 275 969 325 ἕλησθε,
996 277 1104 326 idque
1126 276 1269 324 reliquis
1294 276 1389 313 libris
1416 277 1579 315 omnibus
1605 277 1731 322 invitis,
1757 279 1817 327 qui
1844 275 1897 315 ὃν
1928 277 1975 315 ἂν
1999 279 2130 328 ἕλησθε
2154 282 2250 318 exhi-

165 339 258 376 bent.
283 359 331 366 -
355 337 383 382 Ι,
407 337 441 381 3,
465 336 509 373 19
531 335 605 373 HF
618 335 709 373 EEt
728 333 877 373 ἀπιέναι
902 349 965 387 pro
987 333 1153 385 ἀφιέναι.
1176 356 1219 363 -
1246 336 1273 379 1,
1296 336 1330 379 4,
1356 336 1399 372 12
1419 336 1452 372 H
1472 333 1681 384 ἀπήγγελον
1707 349 1769 386 pro
1794 334 2034 385 ἀπήγγελλον,
2060 352 2130 389 quo
2155 341 2250 390 turpi

164 398 248 434 vitio
273 398 428 434 codicem
450 396 485 433 H
511 396 712 445 saepissime
738 397 894 433 laborare
924 409 968 433 ne
990 396 1175 432 Kalmerus
1207 394 1347 443 quidem
1378 396 1492 443 potuit
1517 396 1603 445 quin
1626 396 1810 438 fatet-etun
1833 409 1957 446 nempe
1975 399 2188 448 undeviginti
2215 401 2250 436 in

164 456 319 495 Anabasi
339 455 406 493 ioci
424 454 658 500 inveniuntur,
678 456 739 493 ubi
761 454 1076 506 praestantissimus
1100 453 1166 490 iste
1188 454 1247 502 qui
1272 453 1424 490 creditur
1443 455 1554 492 codex
1577 460 1651 492 tum
1677 455 1783 500 solus,
1806 460 1880 493 tum
1904 467 1974 493 una
1999 468 2078 495 cum
2101 458 2248 497 deterio-

164 515 261 551 ribus
281 516 388 557 libris,
414 514 520 549 semel
543 515 646 549 etiam
672 526 751 550 cum
774 516 801 550 F
823 515 862 562 (Ι,
882 516 914 557 7,
928 514 974 561 8),
996 513 1090 549 hunc
1112 512 1205 548 verbi
1230 510 1418 558 ἀγγέλλειν
1440 514 1605 549 aoristum
1631 527 1674 550 ne
1698 516 1887 550 serioribus
1908 516 2047 562 quidem
2074 518 2249 564 scriptori-

164 573 229 611 bus
250 578 383 612 certum
408 571 579 610 exhibeat.
602 595 646 600 —-
674 572 701 618 1,
722 574 755 619 4,
784 573 827 611 15
847 574 874 611 F
888 573 964 611 ΕΙ)
990 570 1097 621 φίλοι
1124 574 1159 607 et
1177 569 1223 607 Et
1248 570 1340 620 φίλα
1368 584 1428 621 pro
1455 572 1577 621 φίλον.
1603 597 1649 600 -
1677 574 1705 618 Ι,
1727 574 1760 619 5,
1774 574 1797 611 2
1822 574 1856 611 H
1879 571 2047 621 ἕστασαν,
2074 576 2101 612 F
2114 575 2144 613 E
2158 576 2190 613 D
2204 577 2251 614 Et

164 635 233 670 VS
248 636 282 670 Y
305 634 461 670 ἵστασαν
484 645 549 681 pro
574 632 785 681 εἱστήκεσαν
816 634 867 670 vei
894 633 1064 668 ἕστασαν.
1091 651 1138 658 —-
1165 631 1201 672 Ι,
1226 632 1266 674 5,
1293 631 1315 667 3
1341 632 1501 668 HFED
1516 634 1562 669 Et
1585 631 1728 669 ἀπέπτα
1752 634 1930 682 iidemque
1957 636 2061 682 paulo
2088 643 2166 683 post
2190 637 2249 672 πέ-

164 707 293 730 τανται
318 704 381 742 pro
406 690 588 729 πέτονται.
614 716 657 720 -
682 693 709 737 Ι,
734 693 768 736 5,
792 692 814 730 6
838 692 960 731 HED
988 690 1151 738 σίγκλων
1177 701 1237 738 pro
1258 690 1397 737 σίγλων
1424 696 1457 728 et
1478 692 1625 740 σίγκλος
1651 706 1714 742 pro
1742 693 1879 741 σίγλος.
1908 716 1951 720 -
1979 695 2012 739 Ι,
2031 695 2064 738 5,
2090 696 2133 732 14
2159 696 2187 732 F
2215 696 2252 732 οἱ

162 751 317 799 ὕστερος
337 756 372 788 et
396 752 470 788 HF
492 749 610 788 αὐτοῦ
640 749 768 799 ὀλίγον
793 750 992 799 δεήσαντος
1015 756 1078 798 pro
1105 746 1222 785 αὐτοῦ
1247 747 1376 796 ὀλίγου
1402 750 1433 786 δ.
1461 770 1504 777 —
1530 752 1557 794 Ι,
1582 753 1616 796 5,
1646 752 1689 788 16
1714 754 1749 789 H
1774 754 1993 801 νομίζετε-
2008 753 2071 802 ἐμὲ
2095 754 2249 791 κατακό-

163 815 279 854 ψεσθε
304 822 367 859 pro
390 809 725 854 κατακεκόψεσθαι,
752 823 816 848 nec
843 810 967 848 melius
997 810 1025 845 F
1048 806 1338 851 κατακόψεσθαι.
1365 831 1411 836 -
1437 811 1463 853 Ι,
1490 810 1523 853 6,
1551 811 1570 846 7
1595 811 1622 847 F
1653 808 1755 848 ὁπότ’
1778 810 1825 849 ἂν
1849 811 1965 859 ἔγνως
1989 824 2052 861 pro
2076 810 2178 851 ὁπότ’
2202 810 2250 851 αὗ

164 869 289 918 ἔγνως.
313 892 360 898 —-
382 870 410 913 1,
436 869 470 914 6,
494 869 517 907 8
538 871 570 907 Η
591 871 771 918 γενῆσθαι
796 882 858 919 pro
883 869 1117 916 γεγενῆσθαι.
1146 890 1190 896 --
1217 869 1243 911 Ι,
1264 867 1298 910 6,
1320 867 1366 906 10
1389 869 1415 904 F
1430 869 1459 904 V
1473 870 1505 905 Y
1531 868 1656 916 ἔλεγον
1676 871 1740 917 τῆς
1762 869 1878 919 ζώνης
1898 885 1962 920 pro
1989 871 2167 919 ἐλάβοντο
2188 875 2251 920 τῆς

163 931 188 973 ζ.
212 950 255 955 -
281 929 309 972 Ι,
337 928 369 971 7,
395 929 438 965 18
459 929 532 965 HF
546 930 635 965 EEt
661 930 692 965 εί
718 927 766 976 μὴ
792 925 838 965 ου’
858 930 1036 975 μαχεῖται.
1066 948 1108 953 —-
1139 927 1165 970 Ι,
1192 927 1223 970 7,
1247 926 1294 963 20
1322 927 1355 962 H
1377 924 1671 975 ἀνατεταγμένον
1701 941 1763 977 pro
1796 927 2156 979 ἀνατεταραγμένον,
2187 944 2249 968 nec

164 987 286 1024 melius
311 988 556 1025 FEDVSY
581 986 912 1036 ἀνατετραμμένον.
935 1008 983 1013 -
1009 987 1043 1030 Ι,
1070 985 1103 1030 8,
1133 987 1148 1022 l
1178 987 1210 1022 H
1237 986 1310 1021 τῶν
1336 982 1433 1034 ἀμφὶ
1459 988 1590 1034 Κῦρον
1614 986 1745 1024 πιστόν
1772 1001 1834 1037 pro
1860 992 2012 1026 πιστῶν.
2040 1013 2084 1018 —-
2114 993 2140 1034 Ι,
2167 993 2200 1034 8,
2227 992 2250 1027 6

163 1047 197 1083 H
220 1044 368 1094 θώραξι
388 1044 457 1093 μὲν
481 1044 604 1083 αὐτῶν
630 1058 693 1095 pro
717 1049 755 1082 θ.
779 1043 961 1093 μεγάλοις.
985 1065 1029 1071 -
1058 1045 1085 1088 Ι,
1107 1044 1141 1087 8,
1169 1045 1211 1081 13
1236 1045 1268 1080 Η
1293 1041 1415 1091 μέλλει
1437 1056 1500 1093 pro
1523 1043 1636 1092 μέλοι.
1662 1067 1706 1073 --
1733 1047 1759 1090 I,
1784 1045 1817 1090 8,
1846 1047 1890 1083 14
1914 1048 1991 1085 HD
2006 1049 2096 1085 Etv
2112 1050 2134 1086 S
2151 1050 2183 1086 Y
2209 1048 2249 1086 ἐκ

161 1107 235 1142 τῶν
259 1104 310 1143 ἔτι
328 1102 538 1153 προϊόντων
560 1118 622 1154 pro
643 1103 873 1153 προςιόντων
896 1109 931 1142 et
951 1104 1024 1141 FD
1038 1105 1070 1141 V
1084 1104 1108 1141 S
1122 1104 1156 1141 Y
1177 1100 1395 1141 ἀπελαύνων
1417 1117 1479 1153 pro
1505 1103 1760 1152 παρελαύνων.
1786 1127 1829 1133 -
1853 1106 1880 1149 1,
1907 1106 1940 1150 8,
1967 1107 2010 1144 16
2038 1109 2110 1145 HF
2124 1109 2155 1145 D
2172 1110 2201 1145 V
2216 1111 2247 1146 Y

162 1162 182 1201 ὁ
203 1164 243 1201 δὲ
267 1163 469 1211 Κλέαρχος,
489 1165 550 1201 ubi
573 1178 687 1201 sermo
711 1169 764 1201 est
783 1164 826 1200 de
851 1163 1089 1211 Xenophonte
1112 1164 1154 1208 ⁵).
1179 1186 1224 1189 —
1244 1164 1270 1205 Ι,
1294 1161 1328 1206 8,
1354 1162 1397 1199 17
1421 1163 1455 1200 H
1477 1165 1668 1211 προῆρχον
1692 1166 1763 1213 (sic)
1792 1162 1914 1201 ἀντίοι
1937 1163 2033 1203 ἰέναι
2056 1172 2091 1203 et
2116 1168 2143 1203 F
2157 1168 2188 1203 D
2203 1168 2249 1203 Et

161 1222 392 1272 προήρχοντο
417 1222 450 1260 ἀ.
476 1224 628 1294 l.·pro
606 1221 765 1272 ἤρχοντο
789 1221 911 1260 ἀντίοι
936 1220 1034 1258 ἰέναι
1056 1223 1097 1270 6)
1123 1243 1169 1248 —
1195 1222 1229 1265 Ι,
1255 1221 1289 1265 8,
1312 1222 1359 1258 23
1382 1223 1416 1258 H
1440 1221 1613 1269 βασιλεὺς
1637 1222 1752 1270 μέσον
1777 1223 1873 1271 ἔχων
1895 1226 1959 1272 τῆς
1981 1227 2119 1262 σαυτοῦ
2141 1236 2247 1273 στρα-

161 1284 241 1326 τιᾶς
267 1296 329 1332 pro
352 1284 416 1331 τῆς
440 1280 555 1320 αὑτοῦ
583 1292 658 1330 στρ.
686 1305 729 1311 -
755 1283 787 1325 Ι,
816 1282 857 1325 9,
887 1281 931 1318 10
954 1281 987 1317 H
1014 1280 1149 1328 φίλους
1172 1278 1296 1324 αὐτοῖς
1322 1279 1464 1327 ἐγένετο
1490 1294 1553 1330 pro
1580 1282 1699 1329 φίλος.
1727 1305 1772 1311 -
1794 1285 1828 1327 Ι,
1852 1284 1885 1341 9,
1912 1284 1955 1321 19
1979 1282 2047 1320 H
2036 1299 2056 1320 ο
2079 1284 2248 1322 ἐπίστατο

162 1336 275 1385 αὖθις
300 1347 335 1378 et
358 1339 509 1379 FED
497 1340 518 1378 ο“
545 1339 726 1378 ἐπέπαστο
753 1335 802 1377 αὗ
828 1353 883 1383 τις
907 1351 970 1389 pro
995 1337 1019 1376 ἃ
1046 1337 1142 1387 (ὃ)ε
1114 1338 1142 1387 (ἐ
1146 1337 1293 1387 )πέπατο
1317 1339 1366 1376 αὐ
1395 1352 1459 1383 τις.
1487 1361 1533 1367 -
1560 1340 1587 1384 Ι,
1616 1341 1669 1385 10,
1697 1342 1718 1378 3
1745 1342 1823 1378 HD
1849 1336 1896 1389 ἦν
1922 1340 2083 1389 νεωτέρα
2107 1341 2132 1391 ἢ
2157 1346 2247 1392 ληφ

161 1404 271 1436 θεῖσα
291 1407 326 1436 et
349 1402 376 1436 F
397 1398 557 1445 νεωτέρα
576 1395 623 1446 ἦν
649 1403 837 1447 ληφθεῖσα
861 1411 923 1446 pro
948 1395 972 1445 ἡ
992 1396 1163 1445 νεωτέρα,
1183 1400 1377 1444 ληφθεῖσα.

337 1458 432 1495 Talia
456 1458 615 1495 meliores
639 1458 695 1495 isti
724 1457 801 1494 iibri
835 1469 918 1494 sana
943 1457 1093 1506 vulgata.
1143 1456 1243 1502 Quae
1265 1456 1390 1505 partim
1415 1456 1627 1506 ineptissima
1652 1469 1744 1502 esse,
1784 1458 1909 1507 partim
1934 1459 2029 1495 omni
2055 1471 2159 1496 sensu
2183 1473 2243 1495 1111-

163 1517 257 1559 data,
294 1518 416 1564 partim
443 1518 546 1553 etiam
574 1529 716 1565 prorsus
741 1522 961 1552 monstruosa
988 1529 1060 1552 non
1087 1520 1139 1551 est
1164 1516 1256 1563 quod
1284 1516 1440 1563 pluribus
1465 1516 1709 1552 demonstrem.
1763 1518 1867 1561 Quod
1897 1519 1924 1553 si
1950 1519 2029 1553 talia
2053 1524 2189 1554 tantum
2213 1521 2246 1554 in

162 1575 274 1623 primo
301 1576 388 1612 libro
411 1576 613 1612 Anabaseos
643 1576 731 1611 sorte
761 1574 904 1623 reperiri
930 1574 1068 1617 credas,
1110 1573 1197 1609 scito
1227 1585 1279 1610 me
1302 1573 1444 1622 reliquis
1470 1586 1510 1610 ex
1536 1574 1630 1611 libris
1663 1580 1816 1611 trecenta
1843 1575 2042 1624 hujusmodi
2068 1578 2132 1614 alia
2157 1577 2245 1614 facili

162 1635 300 1682 negotio
324 1646 526 1671 enumerare
551 1646 662 1683 posse.

332 1696 463 1744 Aperte
487 1693 570 1731 falsa
593 1705 682 1742 quae
708 1692 869 1730 meliores
892 1692 948 1729 isti
974 1691 1113 1729 codices
1136 1691 1296 1729 exhibent
1321 1691 1424 1729 etiam
1452 1692 1486 1728 in
1511 1691 1563 1729 his
1591 1698 1690 1729 sunt:

336 1754 363 1796 Ι,
387 1755 417 1796 l,
444 1754 484 1789 ll
514 1753 587 1788 HF
602 1753 633 1787 D
648 1753 695 1788 Et
719 1752 843 1799 partim
872 1751 1091 1795 Πεισσίδας,
1119 1751 1242 1799 partim
1263 1751 1465 1793 Πισσίδας,
1492 1756 1527 1786 et
1552 1752 1600 1787 sic
1626 1752 1828 1799 ubicunque
1853 1753 1918 1788 hoc
1943 1766 2070 1789 nomen
2096 1756 2130 1789 in
2152 1760 2245 1791 Ana-

162 1811 235 1848 basi
268 1812 404 1860 legitur.
456 1811 612 1848 Πισίδαι
648 1810 788 1859 quidem
817 1815 935 1847 utrum
962 1809 1184 1847 scribendum
1212 1809 1253 1846 sit
1281 1822 1326 1847 an
1352 1809 1543 1854 Πεισίδαι,
1583 1815 1723 1859 propter
1748 1810 1944 1848 itacismum
1973 1826 2042 1849 non
2068 1813 2178 1861 liquet
2207 1817 2246 1861 (x.

162 1882 193 1918 p.
221 1871 244 1906 5
267 1871 310 1907 ad
332 1872 359 1914 Ι,
376 1871 410 1914 5,
430 1871 503 1918 15);
529 1874 565 1905 at
590 1869 697 1917 sigma
719 1869 845 1917 dupiex
869 1869 1104 1905 damnandum
1129 1880 1204 1904 esse
1226 1873 1369 1905 constat.
1397 1870 1437 1904 V.
1460 1870 1599 1905 Lz‘onem
1623 1869 1710 1913 adl,
1724 1869 1756 1912 9,
1773 1871 1817 1905 14
1837 1875 1872 1905 et
1888 1871 2083 1920 Popponem
2102 1873 2145 1908 ad
2167 1873 2199 1909 h.
2219 1875 2246 1909 l.

335 1931 363 1973 Ι,
387 1930 420 1972 2,
450 1930 463 1965 l
492 1929 667 1965 HFEEt
681 1928 731 1964 bis
755 1927 1009 1974 παραγγέλλει,
1032 1940 1141 1975 quum
1166 1928 1263 1974 vulgo
1292 1928 1426 1975 legatur
1449 1927 1995 1975 παραγγέλλει-παρήγγειλε.
2047 1934 2078 1966 Α
2102 1931 2248 1967 librariis

162 1992 277 2022 autem
310 1987 482 2034 posterius
512 1998 674 2035 praesens
702 1990 843 2034 propter
871 1997 910 2021 ea
943 1997 1032 2034 quae
1062 1985 1270 2034 praecedunt
1300 1986 1495 2033 praesentia
1526 1986 1561 2021 in
1587 1986 1778 2022 orationem
1802 1987 2047 2035 Xenophontis
2074 1988 2247 2025 invectum

162 2059 247 2089 esse,
273 2046 439 2082 aoristum
468 2051 584 2082 autem
609 2046 870 2093 exquisitiorem
899 2045 964 2092 ipsi
989 2045 1122 2081 auctori
1147 2044 1261 2080 deberi
1285 2045 1333 2081 ita
1354 2045 1389 2081 in
1416 2051 1580 2093 promptu
1602 2052 1663 2088 est,
1686 2050 1725 2081 ut
1750 2058 1870 2082 omnes
1893 2053 2028 2094 praeter
2054 2049 2246 2094 Kru'qerum

163 2104 336 2152 vulgarem
362 2103 567 2152 scripturam
594 2103 789 2141 deseruisse
816 2108 909 2140 certe
935 2115 1072 2140 mecum
1101 2102 1243 2139 mireris.

335 2163 361 2204 Ι,
384 2163 418 2204 2,
442 2163 465 2198 2
492 2175 598 2209 quum
623 2163 726 2205 vulgo
757 2163 893 2209 legatur
915 2160 1002 2204 τοὺς
1026 2160 1198 2209 φυγάδας
1222 2159 1383 2198 ἐκέλευσε
1408 2163 1555 2209 (Κῦρος)
1580 2160 1649 2197 σὺν
1675 2160 1776 2210 αὐτῷ
1802 2161 2065 2207 στρατεύεσθαι
2088 2160 2245 2210 ὑποσχό-

162 2282 244 2316 qnod
266 2285 317 2307 est
338 2281 368 2307 in
390 2282 414 2307 H
429 2281 452 2307 F
472 2281 494 2307 E
522 2288 577 2313 pro
612 2277 798 2315 Χαρμάνδη;
817 2276 967 2315 Ἀρτάπου
985 2282 1011 2316 1,
1034 2282 1063 2316 6,
1085 2282 1128 2316 11,
1152 2283 1231 2316 quod
1251 2284 1300 2307 est
1320 2281 1350 2307 in
1378 2282 1400 2308 Η
1414 2282 1450 2313 Υ,
1470 2286 1501 2307 et
1520 2276 1724 2314 Ἆρμαπιὶτου,
1747 2281 1828 2314 quod
1849 2285 1900 2307 est
1918 2281 1949 2307 in
1972 2282 2011 2308 Er
2026 2285 2045 2308 S
2067 2290 2123 2315 pro
2145 2279 2245 2316 Ἀρτα-

161 2325 263 2358 πάτου
287 2330 337 2358 vel
356 2324 545 2367 Ἀρταπάτας
568 2326 755 2365 Δαμαρίτου
773 2329 820 2366 ΙΙ,
843 2327 868 2365 1,
887 2329 919 2365 3,
944 2330 1026 2365 quod
1048 2334 1098 2357 est
1119 2330 1149 2358 in
1170 2331 1195 2358 Η
1218 2338 1270 2365 pro
1295 2324 1507 2366 Δαμαράτου;
1528 2323 1756 2364 γλουσοθιὶμων
1778 2329 1820 2365 ΙΙ,
1845 2330 1871 2366 1,
1894 2330 1928 2366 3,
1951 2331 2032 2365 quod
2056 2335 2106 2358 est
2128 2330 2157 2358 in
2180 2332 2202 2359 Η
2221 2332 2244 2359 F

162 2388 219 2414 pro
244 2378 342 2412 Γλοῦς
363 2374 379 2405 ὁ
408 2374 520 2414 Ταμώς
543 2377 693 2410 Φαλλῖνος
716 2379 755 2414 ΙΙ,
778 2378 803 2410 1,
825 2378 853 2413 7,
876 2379 957 2412 quod
978 2379 1027 2405 hic
1049 2382 1081 2405 et
1103 2384 1216 2413 postea
1236 2382 1283 2405 est
1305 2380 1335 2405 in
1360 2380 1401 2414 Η,
1425 2383 1455 2404 et
1483 2374 1633 2411 Φάλυνος,
1657 2379 1737 2411 quod
1762 2382 1812 2404 est
1836 2378 1864 2404 in
1888 2380 1911 2405 F
1930 2379 2026 2414 juxta
2049 2388 2155 2407 veram
2178 2382 2246 2407 sor—

163 2436 239 2456 mam
267 2427 421 2461 Φαλῖνος,
443 2421 670 2462 Μιλατοκύθης
691 2426 729 2462 ΙΙ,
751 2427 778 2462 2,
799 2426 828 2462 7,
852 2427 933 2460 quod
958 2429 1008 2453 est
1027 2427 1057 2454 in
1081 2428 1106 2455 H
1122 2429 1171 2463 Et,
1194 2432 1225 2456 et
1245 2423 1488 2462 Μιλαθοκύθης,
1511 2426 1591 2460 quod
1615 2428 1665 2452 est
1684 2426 1714 2452 in
1736 2426 1758 2453 F
1778 2434 1834 2461 pro
1861 2425 2082 2464 Μιλτοκύθηςς
2108 2426 2247 2465 Σιτγοῖκη

162 2477 204 2513 ΙΙ,
225 2478 253 2512 4,
276 2477 322 2511 14,
339 2477 421 2512 quod
446 2479 496 2504 est
522 2476 552 2503 in
572 2475 596 2502 F
619 2483 675 2509 pro
705 2471 835 2510 Σιτάκη.
877 2475 924 2502 Cf.
950 2475 1081 2512 Kriiger.
1103 2478 1190 2504 Stud.
1211 2475 1464 2510 historico-phil.
1485 2475 1523 2508 ΙΙ,
1547 2482 1575 2507 p.
1598 2474 1663 2500 109.

337 2526 366 2559 6)
387 2524 571 2554 clearchum
594 2523 642 2551 bic
672 2522 826 2550 nominari
853 2529 915 2550 non
939 2530 1036 2558 posse
1059 2531 1113 2552 res
1142 2527 1193 2553 est
1215 2524 1374 2552 confessa.
1417 2524 1457 2550 At
1479 2528 1580 2556 neque
1603 2521 1824 2556 Xenophontis
1847 2530 1958 2551 nomen
1982 2525 2032 2553 hic
2056 2526 2246 2562 appositum,

165 2576 226 2603 imo
252 2576 290 2603 ab
315 2575 386 2610 ipso
407 2574 616 2609 Xenophonte
644 2572 685 2600 nil
709 2572 769 2599 nisi
792 2566 809 2599 ὃ
833 2569 868 2600 δέ
896 2574 1105 2609 perscriptum
1134 2574 1226 2610 eique
1255 2572 1430 2607 pronomini
1452 2580 1471 2599 a
1497 2570 1637 2599 librariis
1659 2572 1778 2599 demum
1804 2572 2044 2603 inconsiderate
2067 2583 2105 2604 ac
2129 2579 2245 2604 temere

165 2624 311 2652 clearchi
333 2631 444 2651 nornen
465 2622 622 2659 adjectum
645 2622 745 2648 fuisse
768 2621 936 2647 verissima
960 2621 1163 2650 Bornemanni
1184 2627 1215 2649 et
1236 2621 1367 2649 ΙιϊιἸιιιετί
1389 2621 1577 2655 conjectura
1603 2624 1663 2646 est.

339 2674 370 2705 6)
391 2673 608 2700 Numen-andus
629 2671 676 2698 hic
699 2671 789 2697 locus
812 2670 841 2696 in
864 2669 921 2703 iis,
946 2670 995 2697 ubi
1015 2671 1096 2698 duae
1117 2671 1294 2705 scripturae
1313 2670 1428 2697 mixtae
1448 2673 1537 2703 sunt,
1561 2676 1623 2696 111111
1646 2669 1834 2705 scriptoris,
1858 2671 1962 2698 altera
1983 2671 2115 2699 librarii.
2154 2675 2247 2701 Seli}—

164 2727 214 2749 cet
235 2722 385 2749 librarius
406 2721 591 2748 vetustioris
612 2719 747 2754 alicujus
770 2719 892 2745 codicis
913 2714 1048 2754 ἤρχοντο
1070 2721 1281 2754 imperfectum
1303 2719 1390 2745 verbi
1411 2715 1558 2754 ἔρχεσθαι
1579 2726 1653 2745 esse
1674 2719 1823 2753 opinatus
1844 2720 1882 2746 ad
1905 2721 1979 2747 iilud
2003 2717 2136 2756 ἤρχοντο
2159 2720 2248 2752 ἰέναι,

165 2772 246 2805 quod
268 2771 327 2799 buc
346 2773 437 2800 niodo
456 2778 660 2806 concoquere
676 2777 735 2797 non
758 2772 877 2804 posset,
890 2764 1085 2804 προήρχοντο
1104 2769 1331 2804 adscripscrat,
1351 2768 1442 2803 idque
1464 2769 1492 2795 in
1512 2772 1631 2797 textum
1653 2769 1829 2804 irrepserat
1850 2768 2006 2798 infinitivo
2027 2769 2106 2799 ἰέναι
2124 2771 2247 2800 τεηομ)Δ
