2549 3279
1142 114 1185 151 13

128 231 237 264 terem
261 234 303 261 ac
326 231 530 271 germanum
558 219 740 257 verborum
767 217 923 256 ordinem
948 219 1050 257 etiam
1075 220 1156 258 alibi
1179 221 1213 258 in
1238 220 1333 258 libris
1359 220 1557 259 melioribus
1582 226 1753 259 mutatum
1779 233 1863 259 esse.
1912 223 1975 260 Est
1996 226 2129 265 autem,
2164 221 2191 257 si

127 281 171 322 ali
188 280 353 330 exemplis
375 281 445 329 jam
467 278 622 316 tractatis
647 277 856 321 discesseris,
877 277 912 314 in
934 278 986 315 his
1007 279 1145 327 triginta
1166 279 1265 329 primi
1288 279 1363 317 libri
1388 281 1473 318 locis
1499 285 1670 317 mutatus:
1694 281 1721 324 Ι,
1742 282 1772 325 l,
1792 281 1815 317 9
1830 281 1899 329 ²⁰).
1925 282 1952 323 1,
1976 282 2005 324 l,
2030 281 2084 318 10.
2108 280 2136 323 1,
2158 279 2193 323 2,

129 345 160 381 1.
186 342 214 386 Ι,
238 340 273 386 2,
295 339 329 378 6.
356 340 383 383 l,
408 338 443 382 2,
469 337 527 374 22.
554 337 582 382 Ι,
607 337 641 382 2,
662 337 721 374 27.
748 337 777 380 Ι,
799 335 832 381 3,
860 335 914 373 tl.
939 337 967 381 Ι,
986 337 1020 381 3,
1046 338 1147 382 121,
1171 340 1204 384 4,
1228 339 1261 376 5.
1286 339 1313 383 Ι,
1339 340 1372 383 4,
1403 340 1456 378 15.
1479 340 1506 384 Ι,
1532 340 1565 383 5,
1590 339 1690 376 2bis.
1714 339 1740 384 1,
1763 340 1796 383 5,
1818 339 1851 376 5.
1878 339 1905 382 I,
1929 339 1962 382 5,
1984 338 2020 376 8.
2046 339 2121 382 Ι,5,
2138 337 2193 374 13.

126 404 154 447 Ι,
176 400 211 445 6,
232 400 266 438 6.
296 401 324 444 Ι,
348 398 383 443 6,
411 399 475 435 11.·
498 399 526 443 Ι,
546 398 579 443 7,
602 398 635 435 2.
665 398 693 443 Ι,
722 398 754 441 7,
778 398 811 433 4.
837 397 864 441 Ι,
886 395 919 441 8,
945 397 1002 434 20.
1035 398 1062 442 Ι,
1088 398 1122 443 8,
1147 398 1203 437 28.
1234 400 1261 442 Ι,
1288 398 1322 443 9,
1348 400 1380 436 2.
1405 400 1431 444 Ι,
1454 400 1488 444 9,
1517 400 1571 436 10.
1592 400 1620 443 Ι,
1644 399 1678 444 9,
1706 400 1759 437 15.
1782 400 1808 443 Ι,
1833 399 1867 443 9,
1891 398 1949 435 24.
1975 399 2002 442 1,
2026 398 2059 442 9,
2081 398 2138 435 25.
2163 397 2192 441 Ι,

125 462 159 505 9,
184 460 242 498 31.
264 460 292 504 Ι,
320 458 376 502 10,
405 459 435 495 1.
458 458 485 502 Ι,
503 457 561 502 10,
582 457 616 494 6.
641 457 670 501 Ι,
697 457 752 501 10,
778 456 832 493 17.
883 456 985 502 Quos
1007 456 1102 494 locos
1128 457 1155 494 si
1181 459 1254 495 sine
1275 458 1356 495 odio
1381 464 1485 508 atque
1508 459 1635 496 invidia
1659 470 1773 507 neque
1796 458 1955 495 codicum
1980 457 2191 494 auctoritatis

103 519 259 557 ·ratione
283 517 401 555 habita
426 518 516 555 inter
538 529 575 554 se
601 516 871 565 comparaveris,
907 515 1089 564 plerosque
1115 517 1161 554 ita
1185 523 1400 566 comparatos
1423 531 1497 556 esse
1521 518 1727 568 dispexeriS,
1760 523 1800 554 ut
1825 517 1983 565 vulgatus
2010 517 2189 553 verborum

124 578 211 616 ordo
236 583 312 615 tum
339 583 480 627 propter
503 589 669 615 numeros
690 581 763 613 tum
790 580 931 625 propter
950 576 1153 613 sententiam
1179 577 1293 626 potior
1316 577 1360 614 sit
1382 589 1440 623 eo,
1471 591 1573 628 quem
1598 578 1668 616 duo
1693 578 1744 616 vel
1769 583 1838 615 tres
1861 576 1907 614 illi
1933 576 2091 614 meliores
2116 575 2190 612 libri

123 637 318 675 exhibeant.
368 637 447 674 Huc
473 636 625 680 accedit,
653 635 768 684 quod,
791 646 898 684 quum
924 634 960 671 in
985 634 1183 673 melioribus
1205 636 1299 673 libris
1323 635 1597 684 frequentissima
1618 638 1747 687 pariter
1769 643 1876 685 atque
1901 635 2114 684 apertissima
2140 634 2189 669 in-

122 695 408 744 terpretationum
431 696 755 744 correctionumque
778 694 919 744 vestigia
942 700 1178 743 compareant,
1205 695 1412 732 deteriorum
1438 696 1601 734 librorum
1628 696 1755 734 familia
1782 702 1817 733 et
1840 695 1988 744 vulgaris
2012 694 2192 741 scriptura,

123 766 212 804 quae
237 754 272 790 in
294 754 479 791 verborum
506 754 593 791 serie
613 753 855 791 constituenda
880 753 1086 802 plerumque
1111 754 1346 798 consentiunt,
1384 754 1461 791 licet
1484 755 1614 792 mendis
1638 755 1793 792 omnium
1824 765 1988 802 generum
2013 752 2192 789 affluentes

121 819 235 852 tamen
259 825 329 850 non
353 813 437 850 tales
462 817 552 857 sunt,
575 813 608 850 in
635 813 762 862 quibus
786 824 888 861 saepe
912 823 1050 848 manum
1077 811 1250 860 scriptoris
1272 812 1463 862 corrigendi
1488 814 1620 851 avidam
1646 813 1893 863 deprehendas.

295 875 343 909 At
363 872 454 909 enim
472 885 553 909 vero
579 873 682 921 paulo
706 872 867 921 cupidius
891 883 957 908 nec
980 871 1053 908 sine
1078 883 1177 908 caeco
1202 872 1351 921 quodam
1378 873 1556 911 meliorum
1581 874 1748 911 librorum
1775 872 1856 910 odio
1881 883 1983 921 agere
2001 869 2146 912 viderer,
2162 868 2190 904 si

121 936 174 968 tot
200 930 292 967 vitiis
319 933 448 968 notatis
473 936 578 980 atque
607 931 797 980 perstrictis
823 931 966 967 virtutes
987 930 1122 967 illorum
1150 930 1343 967 manifestas
1363 932 1497 968 silentio
1521 933 1751 981 praeterirem.
1803 932 1896 968 Scito
1927 930 2033 978 igitur
2054 933 2189 965 tantum

121 991 241 1027 abesse
264 995 305 1028 ut
329 989 466 1028 codices
491 990 568 1027 illos
598 1001 756 1039 perversa
781 989 929 1038 quadam
958 1002 998 1026 ac
1024 990 1202 1026 temeraria
1228 990 1391 1039 opinione
1416 997 1686 1040 praeoccupatus
1713 991 1809 1028 nihili
1835 990 1974 1033 faciam,
2008 993 2048 1025 ut
2072 998 2131 1023 eos
2155 985 2191 1022 in

120 1049 173 1087 his
207 1049 284 1086 libri
314 1044 415 1098 primi
441 1049 526 1087 locis
552 1049 627 1086 sine
658 1049 890 1086 controversia
915 1061 1110 1097 germanam
1137 1050 1339 1099 scripturam
1373 1063 1590 1088 conservasse
1616 1051 1706 1088 laeto
1736 1063 1774 1087 ac
1798 1050 1930 1087 lubenti
1959 1048 2075 1085 animo
2106 1058 2187 1083 con-

119 1109 234 1146 fitear:
260 1109 287 1152 1,
311 1109 347 1152 2,
371 1108 404 1145 6.
432 1109 460 1152 Ι,
485 1108 519 1152 2,
544 1108 593 1145 20
614 1108 678 1145 bis.
700 1109 727 1152 1,
753 1109 787 1152 2,
813 1108 870 1145 22.
897 1109 923 1152 1,
945 1108 978 1152 3,
1005 1109 1059 1145 ll.
1092 1109 1120 1152 I,
1148 1110 1180 1153 4,
1201 1110 1233 1146 5.
1261 1110 1290 1152 1,
1314 1111 1347 1152 4,
1374 1110 1392 1146 7
1417 1110 1480 1147 bis.
1505 1111 1531 1154 I,
1557 1111 1591 1153 5,
1619 1111 1662 1147 15
1687 1110 1749 1146 bis.
1775 1109 1802 1152 I,
1829 1110 1861 1152 7,
1882 1110 1905 1145 4
1931 1108 1993 1144 bis.
2028 1108 2053 1149 Ι,
2076 1107 2108 1149 7,
2135 1106 2187 1142 14.

118 1169 147 1210 I,
169 1166 202 1211 8,
228 1167 286 1203 20.
313 1167 340 1210 I,
360 1166 393 1210 8,
414 1167 472 1203 29.
505 1168 533 1210 Ι,
558 1167 591 1211 9,
616 1168 649 1204 3.
683 1168 710 1210 I,
736 1168 770 1211 9,
787 1160 823 1203 ⁴5.
862 1168 889 1210 Ι,
915 1167 948 1210 9,
976 1167 1030 1203 10.
1067 1168 1094 1210 l,
1116 1168 1148 1211 9,
1172 1168 1226 1203 22.
1266 1169 1293 1210 I,
1318 1169 1371 1211 10,
1396 1168 1428 1205 8.
1479 1170 1574 1204 Inter
1599 1180 1688 1216 quos
1714 1169 1809 1204 locos
1836 1167 1906 1203 duo
1930 1172 2010 1203 sunt
2035 1167 2074 1212 (Ι,
2096 1166 2129 1206 4,
2156 1165 2186 1199 7.

119 1226 145 1269 Ι,
171 1223 205 1269 8,
228 1225 299 1274 29),
320 1225 379 1262 uhi
407 1225 586 1263 meliorum
610 1225 779 1263 librorum
803 1225 944 1262 ductum
966 1224 1204 1262 detrectavisse
1231 1237 1287 1263 me
1312 1225 1440 1263 dudum
1464 1226 1645 1276 poenituit.

292 1284 361 1321 Sed
389 1284 459 1332 jam
487 1284 569 1321 satis
595 1285 678 1321 mihi
705 1285 823 1322 videor
848 1285 907 1328 iis,
934 1297 1024 1333 quae
1050 1284 1163 1321 adhuc
1187 1285 1342 1328 disserui,
1367 1285 1671 1329 demonstravisse,
1694 1285 1805 1333 qualis
1832 1283 2013 1320 meliorum
2042 1282 2186 1318 istorum

117 1342 276 1379 codicum
298 1342 444 1390 dignitas
470 1343 515 1379 sit
535 1348 641 1391 atque
665 1348 798 1379 natura.
837 1343 939 1388 Quae
962 1343 990 1379 si
1010 1348 1060 1387 tu,
1084 1343 1145 1379 Vir
1169 1343 1382 1387 amicissime,
1408 1356 1485 1380 cum
1509 1344 1625 1380 animo
1651 1349 1714 1379 tuo
1737 1341 2017 1384 consideraveris,
2042 1340 2070 1376 si
2094 1339 2187 1375 codi-

117 1413 174 1439 ces
205 1400 295 1445 illos,
334 1400 452 1449 quales
483 1401 519 1437 in
549 1401 659 1450 primo
685 1402 887 1439 Anabaseos
919 1402 1007 1439 libro
1031 1413 1106 1439 esse
1137 1401 1287 1445 ostendi,
1327 1402 1409 1438 tales
1434 1414 1494 1451 per
1516 1408 1623 1439 totam
1653 1401 1829 1439 Anabasin
1854 1412 1929 1437 sese
1949 1399 2112 1448 praebere
2136 1397 2187 1433 vel

117 1471 193 1497 mea
221 1459 289 1496 fide
320 1459 506 1496 credideris
537 1461 588 1497 vel
620 1460 690 1497 tuis
715 1461 825 1498 oculis
850 1461 976 1498 videris
1001 1461 1138 1509 tibique
1162 1462 1367 1509 persuaseris
1391 1473 1449 1497 eos
1472 1474 1542 1498 non
1568 1462 1678 1498 solum
1703 1461 1878 1497 erroribus
1902 1459 2056 1495 omnium
2084 1468 2186 1504 gene-

116 1532 194 1556 rum
218 1531 258 1556 ac
282 1518 426 1562 mendis,
448 1531 492 1555 ne
515 1519 724 1568 turpissimis
746 1520 886 1569 quidem
912 1520 1080 1569 exceptis,
1106 1520 1311 1564 redundare,
1336 1532 1453 1557 verum
1478 1520 1580 1557 etiam
1607 1518 1939 1568 interpretamentis,
1964 1516 2185 1553 addidamen-

115 1578 179 1621 tis,
215 1578 346 1614 lacunis
378 1578 522 1614 refertos
555 1590 630 1615 esse
657 1579 884 1627 inprimisque
908 1579 1075 1627 insignem
1104 1578 1272 1627 quandam
1299 1579 1471 1628 scriptoris
1497 1578 1689 1627 corrigendi
1719 1577 1893 1615 libidinem
1918 1587 1999 1624 prae
2026 1586 2062 1611 se
2087 1574 2186 1617 serre,

115 1648 206 1686 quae
228 1648 336 1686 quum
370 1635 405 1673 in
437 1636 511 1673 aliis
536 1637 845 1675 innumerabilibus
870 1642 945 1675 tum
977 1637 1013 1674 in
1046 1649 1088 1674 eo
1117 1642 1298 1682 cernatur,
1329 1637 1421 1686 quod
1448 1637 1549 1674 verba
1576 1636 1750 1686 scriptoris
1775 1634 1972 1684 saepissime
1997 1633 2118 1670 ordine
2142 1632 2185 1668 ad

115 1695 295 1732 arbitrium
323 1700 458 1732 mutato
484 1696 643 1737 reddant:
667 1697 695 1733 si
722 1708 826 1745 porro
850 1697 1050 1733 memineris
1075 1697 1244 1744 vulgarem
1272 1709 1375 1745 quam
1402 1697 1521 1733 dicunt
1547 1697 1750 1744 scripturam
1776 1695 1875 1742 longe
1902 1694 1936 1730 in
1961 1692 2118 1741 plurimis
2142 1703 2183 1727 ex

114 1754 156 1791 iis
180 1766 269 1802 quos
292 1754 498 1803 pertractavi
522 1755 607 1792 locis
632 1767 695 1804 pro
717 1768 878 1804 germana
907 1767 947 1793 ac
969 1767 1049 1793 vera
1075 1755 1262 1792 habendam
1287 1760 1322 1792 et
1350 1767 1430 1793 vero
1456 1766 1516 1804 per
1542 1760 1650 1792 totam
1680 1754 1855 1791 Anabasin
1879 1763 2042 1802 persaepe
2072 1750 2182 1787 omni·

113 1812 179 1849 bus
200 1812 377 1850 codicibus
400 1814 570 1862 potiorem
596 1826 670 1851 esse
697 1815 771 1862 ²¹),
807 1819 847 1852 ut
872 1814 976 1864 hujus
1001 1814 1141 1864 quidem
1163 1814 1351 1863 scripturae
1373 1819 1566 1858 auctorem,
1602 1814 1810 1863 Stephanum
1834 1812 1926 1854 dico,
1964 1811 1999 1846 in
2027 1809 2183 1846 oratione

113 1871 357 1921 Xenophontis
384 1873 629 1911 constituenda
653 1873 949 1923 praestantissimo
975 1874 1095 1912 codice
1119 1873 1259 1924 posthac
1284 1873 1461 1924 deperdito
1485 1886 1554 1911 non
1588 1873 1697 1911 solum
1723 1871 1899 1921 perdocte,
1933 1880 2051 1906 verum
2079 1867 2182 1905 etiam

113 1931 302 1980 prudenter
327 1932 578 1981 diligenterque
602 1945 705 1970 usum
728 1933 835 1970 fuisse
865 1938 1045 1983 appareat;
1082 1934 1109 1970 si
1143 1934 1224 1970 haec
1251 1934 1367 1970 omnia
1397 1938 1557 1970 accurate
1582 1938 1684 1981 atque
1709 1935 1837 1968 attente
1866 1928 2084 1975 expenderis:
2123 1939 2180 1962 ne-

113 2002 207 2027 cesse
231 1995 285 2027 est
310 1990 458 2038 primum
488 1991 555 2028 hoc
583 1992 668 2029 mihi
693 1993 881 2037 concedas,
920 1993 1055 2030 codices
1081 1993 1165 2030 istos
1187 1992 1342 2030 meliores
1367 1993 1427 2041 qui
1456 1992 1618 2029 dicuntur
1649 1996 1742 2027 recte
1774 1989 1912 2038 quidem
1941 1987 1989 2023 sic
2013 1986 2079 2023 dici
2106 1997 2182 2022 cum

112 2048 235 2086 ceteris
261 2054 496 2098 comparatos,
534 2063 623 2100 quos
649 2051 753 2101 paulo
779 2052 881 2089 etiam
907 2052 1142 2090 mendosiores
1165 2063 1236 2088 esse
1260 2056 1414 2096 constat,
1457 2056 1492 2088 at
1519 2062 1580 2101 per
1608 2062 1644 2087 se
1674 2050 1767 2099 ipsos
1792 2047 1992 2095 neutiquam
2016 2056 2074 2081 eos
2097 2055 2182 2086 esse,

112 2108 239 2157 quibus
261 2120 471 2156 magnopere
495 2110 660 2153 confidas,
686 2123 801 2159 neque
832 2112 904 2148 ulla
933 2112 1067 2148 ratione
1097 2111 1232 2160 optimis
1260 2111 1325 2147 illis
1354 2111 1497 2147 aliorum
1527 2110 1732 2157 scriptorum
1756 2107 1932 2144 codicibus
1957 2103 2182 2141 conferendos

111 2179 206 2212 csse,
230 2167 349 2217 quales
372 2171 454 2204 sunt
479 2166 628 2205 Urbinas
650 2169 828 2214 Isocratis,
849 2170 1103 2207 Laurentianus
1124 2172 1156 2206 A
1182 2169 1377 2218 Sophoclis,
1403 2168 1606 2205 Parisiensis
1631 2170 1664 2204 A
1691 2165 1883 2213 Euripidis,
1912 2163 2097 2199 Vaticanus
2125 2161 2181 2198 Ci-

112 2227 246 2264 ceronis
278 2227 475 2264 orationum
510 2227 802 2276 Philippicarum,
834 2229 1014 2267 Mediceus
1039 2228 1213 2267 Ciceronis
1239 2229 1462 2278 epistolarum
1490 2233 1524 2263 et
1554 2227 1608 2264 alii
1642 2224 1800 2274 permulti
1828 2224 1894 2267 22).
1945 2222 2035 2259 Hinc
2060 2226 2182 2269 sponte

286 2377 337 2410 ²⁰)
360 2376 518 2405 Ii'fihnerus
544 2378 572 2404 h.
595 2377 615 2404 l.
637 2377 815 2412 scripturae
837 2378 1022 2407 varietatem
1046 2379 1195 2415 neglexit.

284 2426 336 2458 ¹¹)
366 2428 402 2455 Ut
422 2435 513 2456 linium
536 2426 585 2455 hic
606 2428 779 2463 exemplum
800 2435 839 2457 ex
860 2428 1140 2459 innumerabilibus
1161 2429 1346 2465 depromam,
1371 2426 1394 2463 l,
1417 2425 1445 2459 9,
1467 2424 1502 2453 19
1526 2430 1633 2452 omnes
1656 2423 1745 2451 codd.
1770 2426 1800 2450 et
1822 2422 1971 2450 meliores
1992 2423 2022 2448 et
2044 2419 2184 2447 deterio-

111 2480 163 2499 res
187 2473 297 2507 partim
320 2471 484 2510 ἐπίστατο,
506 2476 616 2510 partim
637 2472 809 2513 ἐπέπαστο,
831 2478 941 2511 purtim
962 2475 1115 2513 πέπαστο,
1138 2477 1245 2513 partim
1265 2474 1439 2508 πέπαυστο,·
1472 2475 1543 2501 sola
1563 2474 1693 2508 vulgata
1710 2469 1845 2506 πέπατο,
1878 2472 1958 2506 quod
1980 2472 2017 2498 ab
2040 2470 2183 2497 omnibus

110 2525 270 2558 receptum
294 2527 356 2559 est,
378 2524 440 2553 nisi
462 2525 544 2560 quod
566 2525 708 2554 nonnulli
728 2530 928 2562 augmentum
951 2527 1037 2556 nulla
1058 2527 1250 2556 necessitate
1270 2527 1405 2561 cogente
1423 2520 1645 2560 praefixerunt.

284 2574 336 2605 ¹³)
358 2574 433 2601 Mihi
457 2575 577 2608 quidem
599 2575 808 2602 certissimum
831 2579 881 2603 est
902 2580 1053 2610 quattuor
1078 2577 1151 2603 illos
1171 2576 1267 2602 libros
1289 2574 1454 2609 meliores,
1484 2573 1508 2600 F
1523 2573 1548 2600 E
1563 2573 1586 2599 D
1603 2573 1646 2606 ΙΙ,
1681 2578 1720 2598 ex
1744 2578 1806 2598 uno
1829 2577 1937 2597 omnes
1959 2569 2072 2597 codice
2095 2572 2185 2595 vetu-

110 2618 209 2648 stiore
229 2621 443 2657 transcriptos
461 2630 535 2651 esse
558 2623 727 2659 horumque
748 2630 787 2651 ex
809 2630 871 2652 nno
893 2631 1007 2653 rursus
1026 2626 1065 2653 Et
1080 2625 1107 2652 V
1121 2626 1141 2652 S
1159 2624 1184 2651 Y
1203 2622 1363 2650 maximam
1384 2623 1501 2656 partem
1526 2619 1677 2656 fluxisse,
1697 2617 1770 2655 ejus
1791 2621 1895 2646 autem
1918 2616 2041 2645 codicis
2062 2623 2100 2643 ex
2122 2623 2183 2650 quo

110 2668 180 2697 libri
202 2670 248 2697 illi
271 2671 471 2699 manaverint
492 2672 650 2700 librarium
673 2673 774 2701 ruisse
792 2673 890 2701 virum
910 2674 1064 2702 eruditum
1087 2674 1205 2709 quidem
1226 2676 1258 2699 et
1280 2670 1490 2706 ingeniosum,
1511 2670 1565 2697 sed
1590 2669 1641 2705 qui
1663 2669 1693 2697 in
1719 2668 1961 2697 transcribenda
1978 2666 2115 2694 Anabasi
2137 2666 2185 2693 iu—

110 2717 196 2751 genii
216 2718 265 2747 sni
288 2719 407 2748 libidini
436 2719 568 2750 mirifice
594 2721 779 2759 indulserit,
808 2721 853 2750 ita
878 2725 912 2751 ut
932 2722 1013 2751 liber
1032 2720 1103 2759 ejus
1123 2727 1210 2749 manu
1236 2723 1386 2748 exaratus
1408 2720 1516 2747 eodem
1540 2718 1632 2754 plane
1652 2718 1726 2745 loco
1748 2724 1786 2745 ac
1808 2724 1937 2744 numero
1961 2716 2119 2743 habendus
2143 2714 2184 2740 sit

109 2773 169 2800 quo
193 2769 294 2796 codex
310 2769 501 2798 Mutinensis
519 2769 676 2800 Isocratis
701 2776 733 2800 et
753 2771 919 2800 Parisinus
943 2773 963 2800 S
985 2771 1213 2805 Demosthenis»,
1236 2770 1273 2797 de
1297 2776 1357 2804 quo
1385 2768 1456 2797 Guil
1481 2768 1655 2805 Dindorfius
1675 2768 1780 2796 Praei.
1800 2768 1837 2795 ad
1861 2765 1945 2794 Dem.
1965 2773 1993 2800 p.
2010 2765 2039 2792 l:
2064 2762 2183 2799 „Caute
