<?xml version="1.0" encoding="UTF-8"?>
<!DOCTYPE html PUBLIC "-//W3C//DTD XHTML 1.0 Transitional//EN"
    "http://www.w3.org/TR/xhtml1/DTD/xhtml1-transitional.dtd">
<html xmlns="http://www.w3.org/1999/xhtml" xml:lang="en" lang="en">
 <head>
  <title>
</title>
<meta http-equiv="Content-Type" content="text/html;charset=utf-8" />
  <meta name='ocr-system' content='tesseract 3.04.00' />
  <meta name='ocr-capabilities' content='ocr_page ocr_carea ocr_par ocr_line ocrx_word'/>
</head>
<body>
  <div class='ocr_page' id='page_1' title='image "4774686_0019.png"; bbox 0 0 2549 3279; ppageno 0'>
   <div class='ocr_carea' id='block_1_1' title="bbox 1068 109 1186 165">
    <p class='ocr_par' dir='ltr' id='par_1_1' title="bbox 1068 109 1251 165">
     <span class='ocr_line' id='line_1_1' title="bbox 1068 109 1186 165; baseline -0.011 0"><span class='ocrx_word' id='word_1_1' title='bbox 1068 163 1074 165; x_wconf 38' lang='lat'><strong>.</strong></span> <span class='ocrx_word' id='word_1_2' title='bbox 1102 109 1186 164; x_wconf 45' lang='lat'><strong>..-¹¹</strong></span> 
     </span>
    </p>
   </div>
   <div class='ocr_carea' id='block_1_2' title="bbox 110 212 2204 2670">
    <p class='ocr_par' dir='ltr' id='par_1_2' title="bbox 111 212 2204 2085">
     <span class='ocr_line' id='line_1_2' title="bbox 128 212 2203 267; baseline -0.003 -8"><span class='ocrx_word' id='word_1_3' title='bbox 128 221 193 266; x_wconf 66' lang='grc' dir='ltr'><strong>εἰς</strong></span> <span class='ocrx_word' id='word_1_4' title='bbox 208 217 497 267; x_wconf 67' lang='grc' dir='ltr'><strong><em>τριακοσίους</em></strong></span> <span class='ocrx_word' id='word_1_5' title='bbox 520 215 598 263; x_wconf 76' lang='grc' dir='ltr'><strong>μὲν</strong></span> <span class='ocrx_word' id='word_1_6' title='bbox 621 212 821 259; x_wconf 77' lang='grc' dir='ltr'><strong><em>ὁπλίτας,</em></strong></span> <span class='ocrx_word' id='word_1_7' title='bbox 840 216 1129 262; x_wconf 75' lang='grc' dir='ltr'><strong><em>τριακοσίους</em></strong></span> <span class='ocrx_word' id='word_1_8' title='bbox 1151 216 1199 252; x_wconf 78' lang='grc' dir='ltr'><strong>δὲ</strong></span> <span class='ocrx_word' id='word_1_9' title='bbox 1221 212 1467 257; x_wconf 81' lang='grc' dir='ltr'><strong><em>πελταστὰς</em></strong></span> <span class='ocrx_word' id='word_1_10' title='bbox 1492 213 1585 260; x_wconf 77' lang='grc' dir='ltr'><strong>ἔχων</strong></span> <span class='ocrx_word' id='word_1_11' title='bbox 1608 226 1707 260; x_wconf 67' lang='grc' dir='ltr'><strong><em>παρ,</em></strong></span> <span class='ocrx_word' id='word_1_12' title='bbox 1736 220 1974 262; x_wconf 72' lang='lat' dir='ltr'><strong>praeterquam</strong></span> <span class='ocrx_word' id='word_1_13' title='bbox 1997 215 2093 265; x_wconf 89' lang='lat' dir='ltr'><strong>quod</strong></span> <span class='ocrx_word' id='word_1_14' title='bbox 2120 228 2203 252; x_wconf 91' lang='lat' dir='ltr'><strong>non-</strong></span> 
     </span>
     <span class='ocr_line' id='line_1_3' title="bbox 127 272 2203 321; baseline -0.002 -7"><span class='ocrx_word' id='word_1_15' title='bbox 127 279 235 319; x_wconf 76' lang='lat' dir='ltr'><strong>nulli</strong></span> <span class='ocrx_word' id='word_1_16' title='bbox 244 277 311 321; x_wconf 68' lang='grc' dir='ltr'><strong>εἰς.</strong></span> <span class='ocrx_word' id='word_1_17' title='bbox 328 275 506 313; x_wconf 86' lang='lat' dir='ltr'><strong>omittunt.</strong></span> <span class='ocrx_word' id='word_1_18' title='bbox 555 274 650 311; x_wconf 81' lang='lat' dir='ltr'><strong>Haec</strong></span> <span class='ocrx_word' id='word_1_19' title='bbox 681 273 756 311; x_wconf 79' lang='lat' dir='ltr'><strong>sine</strong></span> <span class='ocrx_word' id='word_1_20' title='bbox 789 284 885 310; x_wconf 82' lang='lat' dir='ltr'><strong>mora</strong></span> <span class='ocrx_word' id='word_1_21' title='bbox 918 274 1118 312; x_wconf 84' lang='lat' dir='ltr'><strong>melioribus</strong></span> <span class='ocrx_word' id='word_1_22' title='bbox 1150 274 1329 312; x_wconf 85' lang='lat' dir='ltr'><strong>codicibus</strong></span> <span class='ocrx_word' id='word_1_23' title='bbox 1360 272 1561 310; x_wconf 81' lang='lat' dir='ltr'><strong>obedientes</strong></span> <span class='ocrx_word' id='word_1_24' title='bbox 1592 278 1771 321; x_wconf 87' lang='lat' dir='ltr'><strong>tamquam</strong></span> <span class='ocrx_word' id='word_1_25' title='bbox 1804 273 2057 321; x_wconf 64' lang='lat' dir='ltr'><strong>Xenophonteo</strong></span> <span class='ocrx_word' id='word_1_26' title='bbox 2089 274 2203 311; x_wconf 84' lang='lat' dir='ltr'><strong>vendi-</strong></span> 
     </span>
     <span class='ocr_line' id='line_1_4' title="bbox 127 332 2203 383; baseline -0.002 -10"><span class='ocrx_word' id='word_1_27' title='bbox 127 340 245 376; x_wconf 75' lang='lat' dir='ltr'><strong>tarunt</strong></span> <span class='ocrx_word' id='word_1_28' title='bbox 266 334 485 383; x_wconf 53' lang='lat' dir='ltr'><strong>Duhdorfius,</strong></span> <span class='ocrx_word' id='word_1_29' title='bbox 516 332 721 377; x_wconf 68' lang='lat' dir='ltr'><strong>Remmius,</strong></span> <span class='ocrx_word' id='word_1_30' title='bbox 754 332 955 376; x_wconf 68' lang='lat' dir='ltr'><strong>Kahnerus,</strong></span> <span class='ocrx_word' id='word_1_31' title='bbox 990 344 1139 381; x_wconf 92' lang='lat' dir='ltr'><strong>quorum</strong></span> <span class='ocrx_word' id='word_1_32' title='bbox 1165 338 1360 382; x_wconf 87' lang='lat' dir='ltr'><strong>postremus</strong></span> <span class='ocrx_word' id='word_1_33' title='bbox 1389 332 1432 369; x_wconf 90' lang='lat' dir='ltr'><strong>ad</strong></span> <span class='ocrx_word' id='word_1_34' title='bbox 1460 332 1644 368; x_wconf 83' lang='lat' dir='ltr'><strong>lectionem</strong></span> <span class='ocrx_word' id='word_1_35' title='bbox 1670 332 1767 368; x_wconf 81' lang='lat' dir='ltr'><strong>istam</strong></span> <span class='ocrx_word' id='word_1_36' title='bbox 1796 343 1988 380; x_wconf 81' lang='lat' dir='ltr'><strong>perversam</strong></span> <span class='ocrx_word' id='word_1_37' title='bbox 2019 334 2203 371; x_wconf 76' lang='lat' dir='ltr'><strong>defenden-</strong></span> 
     </span>
     <span class='ocr_line' id='line_1_5' title="bbox 125 390 2203 441; baseline -0.001 -8"><span class='ocrx_word' id='word_1_38' title='bbox 125 397 205 433; x_wconf 74' lang='lat' dir='ltr'><strong>dam</strong></span> <span class='ocrx_word' id='word_1_39' title='bbox 231 393 402 432; x_wconf 69' lang='lat' dir='ltr'><strong>mirabilia</strong></span> <span class='ocrx_word' id='word_1_40' title='bbox 424 391 637 439; x_wconf 83' lang='lat' dir='ltr'><strong>excogitavit.</strong></span> <span class='ocrx_word' id='word_1_41' title='bbox 687 391 900 428; x_wconf 80' lang='lat' dir='ltr'><strong>Prudentius</strong></span> <span class='ocrx_word' id='word_1_42' title='bbox 930 390 974 427; x_wconf 83' lang='lat' dir='ltr'><strong>de</strong></span> <span class='ocrx_word' id='word_1_43' title='bbox 1007 391 1073 428; x_wconf 90' lang='lat' dir='ltr'><strong>hoc</strong></span> <span class='ocrx_word' id='word_1_44' title='bbox 1099 392 1177 429; x_wconf 84' lang='lat' dir='ltr'><strong>loco</strong></span> <span class='ocrx_word' id='word_1_45' title='bbox 1197 396 1277 441; x_wconf 84' lang='lat' dir='ltr'><strong>post</strong></span> <span class='ocrx_word' id='word_1_46' title='bbox 1303 392 1439 429; x_wconf 71' lang='lat' dir='ltr'><strong>La&#39;onem</strong></span> <span class='ocrx_word' id='word_1_47' title='bbox 1464 391 1669 440; x_wconf 83' lang='lat' dir='ltr'><strong>judicarunt</strong></span> <span class='ocrx_word' id='word_1_48' title='bbox 1693 391 1957 428; x_wconf 66' lang='lat' dir='ltr'><strong>Bor-ammanus</strong></span> <span class='ocrx_word' id='word_1_49' title='bbox 1986 397 2090 441; x_wconf 87' lang='lat' dir='ltr'><strong>atque</strong></span> <span class='ocrx_word' id='word_1_50' title='bbox 2111 394 2203 430; x_wconf 80' lang='lat' dir='ltr'><strong>Kru&#39;-</strong></span> 
     </span>
     <span class='ocr_line' id='line_1_6' title="bbox 122 446 2201 503; baseline -0.001 -12"><span class='ocrx_word' id='word_1_51' title='bbox 122 465 240 503; x_wconf 65' lang='lat' dir='ltr'><strong>yona.</strong></span> <span class='ocrx_word' id='word_1_52' title='bbox 290 451 328 489; x_wconf 87' lang='lat' dir='ltr'><strong>V.</strong></span> <span class='ocrx_word' id='word_1_53' title='bbox 355 449 459 488; x_wconf 86' lang='lat' dir='ltr'><strong>etiam</strong></span> <span class='ocrx_word' id='word_1_54' title='bbox 489 450 686 500; x_wconf 66' lang='lat' dir='ltr'><strong>poppo-m</strong></span> <span class='ocrx_word' id='word_1_55' title='bbox 714 450 757 487; x_wconf 90' lang='lat' dir='ltr'><strong>ad</strong></span> <span class='ocrx_word' id='word_1_56' title='bbox 787 449 891 487; x_wconf 87' lang='lat' dir='ltr'><strong>verba</strong></span> <span class='ocrx_word' id='word_1_57' title='bbox 919 446 1051 497; x_wconf 85' lang='grc' dir='ltr'><strong><em>μύριοι</em></strong></span> <span class='ocrx_word' id='word_1_58' title='bbox 1077 449 1141 487; x_wconf 75' lang='grc' dir='ltr'><strong>καὶ</strong></span> <span class='ocrx_word' id='word_1_59' title='bbox 1169 450 1280 497; x_wconf 80' lang='grc' dir='ltr'><strong><em>χίλιοι</em></strong></span> <span class='ocrx_word' id='word_1_60' title='bbox 1314 455 1335 493; x_wconf 77' lang='lat' dir='ltr'><strong>s</strong></span> <span class='ocrx_word' id='word_1_61' title='bbox 1367 450 1399 487; x_wconf 88' lang='lat'><strong>9.</strong></span> <span class='ocrx_word' id='word_1_62' title='bbox 1450 450 1674 498; x_wconf 79' lang='lat' dir='ltr'><strong>Quamquam</strong></span> <span class='ocrx_word' id='word_1_63' title='bbox 1705 460 1747 485; x_wconf 87' lang='lat' dir='ltr'><strong>ne</strong></span> <span class='ocrx_word' id='word_1_64' title='bbox 1781 449 1918 497; x_wconf 86' lang='lat' dir='ltr'><strong>vulgata</strong></span> <span class='ocrx_word' id='word_1_65' title='bbox 1945 450 2084 498; x_wconf 88' lang='lat' dir='ltr'><strong>quidem</strong></span> <span class='ocrx_word' id='word_1_66' title='bbox 2119 452 2201 489; x_wconf 88' lang='lat' dir='ltr'><strong>mihi</strong></span> 
     </span>
     <span class='ocr_line' id='line_1_7' title="bbox 124 508 2204 559; baseline -0 -13"><span class='ocrx_word' id='word_1_67' title='bbox 124 521 269 559; x_wconf 70' lang='lat' dir='ltr'><strong>prorsus</strong></span> <span class='ocrx_word' id='word_1_68' title='bbox 292 521 374 546; x_wconf 75' lang='lat' dir='ltr'><strong>sana</strong></span> <span class='ocrx_word' id='word_1_69' title='bbox 400 521 476 547; x_wconf 78' lang='lat' dir='ltr'><strong>esse</strong></span> <span class='ocrx_word' id='word_1_70' title='bbox 501 508 646 546; x_wconf 83' lang='lat' dir='ltr'><strong>videtur.</strong></span> <span class='ocrx_word' id='word_1_71' title='bbox 692 508 750 546; x_wconf 89' lang='lat' dir='ltr'><strong>Sic</strong></span> <span class='ocrx_word' id='word_1_72' title='bbox 776 509 866 546; x_wconf 86' lang='lat' dir='ltr'><strong>enim</strong></span> <span class='ocrx_word' id='word_1_73' title='bbox 889 508 1012 552; x_wconf 84' lang='lat' dir='ltr'><strong>sentio,</strong></span> <span class='ocrx_word' id='word_1_74' title='bbox 1035 513 1181 546; x_wconf 86' lang='lat' dir='ltr'><strong>veterem</strong></span> <span class='ocrx_word' id='word_1_75' title='bbox 1207 508 1410 557; x_wconf 81' lang='lat' dir='ltr'><strong>scripturam</strong></span> <span class='ocrx_word' id='word_1_76' title='bbox 1435 508 1552 552; x_wconf 84' lang='lat' dir='ltr'><strong>fuisse,</strong></span> <span class='ocrx_word' id='word_1_77' title='bbox 1574 509 1712 557; x_wconf 88' lang='lat' dir='ltr'><strong>qualem</strong></span> <span class='ocrx_word' id='word_1_78' title='bbox 1735 508 1806 557; x_wconf 85' lang='lat' dir='ltr'><strong>jam</strong></span> <span class='ocrx_word' id='word_1_79' title='bbox 1831 509 1995 546; x_wconf 81' lang='lat' dir='ltr'><strong>divinavit</strong></span> <span class='ocrx_word' id='word_1_80' title='bbox 2008 509 2204 558; x_wconf 67' lang='lat' dir='ltr'><strong>Kru&#39;qerus·</strong></span> 
     </span>
     <span class='ocr_line' id='line_1_8' title="bbox 124 563 2200 617; baseline 0 -11"><span class='ocrx_word' id='word_1_81' title='bbox 124 567 283 607; x_wconf 77' lang='grc' dir='ltr'><strong><em>Πασίων</em></strong></span> <span class='ocrx_word' id='word_1_82' title='bbox 296 588 340 598; x_wconf 90' lang='lat'><strong>-—</strong></span> <span class='ocrx_word' id='word_1_83' title='bbox 355 566 407 612; x_wconf 75' lang='grc' dir='ltr'><strong>εἰς</strong></span> <span class='ocrx_word' id='word_1_84' title='bbox 432 564 674 612; x_wconf 70' lang='grc' dir='ltr'><strong><em>ἑπτακοσίους</em></strong></span> <span class='ocrx_word' id='word_1_85' title='bbox 698 564 792 616; x_wconf 77' lang='grc' dir='ltr'><strong>ἔχων</strong></span> <span class='ocrx_word' id='word_1_86' title='bbox 813 564 1051 616; x_wconf 70' lang='grc' dir='ltr'><strong><em>παρεγένετος</em></strong></span> <span class='ocrx_word' id='word_1_87' title='bbox 1076 566 1135 605; x_wconf 88' lang='lat' dir='ltr'><strong>ubi</strong></span> <span class='ocrx_word' id='word_1_88' title='bbox 1156 578 1196 604; x_wconf 85' lang='lat' dir='ltr'><strong>ex</strong></span> <span class='ocrx_word' id='word_1_89' title='bbox 1215 566 1496 606; x_wconf 77' lang='lat' dir='ltr'><strong>antecedentibus</strong></span> <span class='ocrx_word' id='word_1_90' title='bbox 1518 563 1670 611; x_wconf 79' lang='grc' dir='ltr'><strong><em>ὁπλίτας</em></strong></span> <span class='ocrx_word' id='word_1_91' title='bbox 1690 566 1783 617; x_wconf 89' lang='lat' dir='ltr'><strong>apud</strong></span> <span class='ocrx_word' id='word_1_92' title='bbox 1806 566 1958 605; x_wconf 76' lang='lat' dir='ltr'><strong>animum</strong></span> <span class='ocrx_word' id='word_1_93' title='bbox 1978 569 2200 617; x_wconf 82' lang='lat' dir='ltr'><strong>repetendum</strong></span> 
     </span>
     <span class='ocr_line' id='line_1_9' title="bbox 122 623 2200 675; baseline 0 -11"><span class='ocrx_word' id='word_1_94' title='bbox 122 639 199 664; x_wconf 83' lang='lat' dir='ltr'><strong>esse</strong></span> <span class='ocrx_word' id='word_1_95' title='bbox 219 638 328 674; x_wconf 90' lang='lat' dir='ltr'><strong>quum</strong></span> <span class='ocrx_word' id='word_1_96' title='bbox 354 639 425 663; x_wconf 87' lang='lat' dir='ltr'><strong>non</strong></span> <span class='ocrx_word' id='word_1_97' title='bbox 447 627 617 670; x_wconf 84' lang='lat' dir='ltr'><strong>viderent,</strong></span> <span class='ocrx_word' id='word_1_98' title='bbox 654 627 799 664; x_wconf 81' lang='lat' dir='ltr'><strong>alterum</strong></span> <span class='ocrx_word' id='word_1_99' title='bbox 825 626 1004 663; x_wconf 82' lang='lat' dir='ltr'><strong>librarium</strong></span> <span class='ocrx_word' id='word_1_100' title='bbox 1030 625 1201 662; x_wconf 80' lang='lat' dir='ltr'><strong>addidisse</strong></span> <span class='ocrx_word' id='word_1_101' title='bbox 1223 623 1382 671; x_wconf 75' lang='grc' dir='ltr'><strong><em>ἄνδρας,</em></strong></span> <span class='ocrx_word' id='word_1_102' title='bbox 1416 626 1559 662; x_wconf 89' lang='lat' dir='ltr'><strong>alterum</strong></span> <span class='ocrx_word' id='word_1_103' title='bbox 1588 626 1704 662; x_wconf 90' lang='lat' dir='ltr'><strong>minus</strong></span> <span class='ocrx_word' id='word_1_104' title='bbox 1728 626 1925 662; x_wconf 85' lang='lat' dir='ltr'><strong>modestum</strong></span> <span class='ocrx_word' id='word_1_105' title='bbox 1957 638 2014 669; x_wconf 86' lang='lat' dir='ltr'><strong>ea,</strong></span> <span class='ocrx_word' id='word_1_106' title='bbox 2055 638 2144 675; x_wconf 84' lang='lat' dir='ltr'><strong>quae</strong></span> <span class='ocrx_word' id='word_1_107' title='bbox 2167 629 2200 664; x_wconf 92' lang='lat' dir='ltr'><strong>in</strong></span> 
     </span>
     <span class='ocr_line' id='line_1_10' title="bbox 122 680 2200 733; baseline -0 -10"><span class='ocrx_word' id='word_1_108' title='bbox 122 683 328 724; x_wconf 73' lang='lat' dir='ltr'><strong>melioribus</strong></span> <span class='ocrx_word' id='word_1_109' title='bbox 344 683 441 722; x_wconf 88' lang='lat' dir='ltr'><strong>libris</strong></span> <span class='ocrx_word' id='word_1_110' title='bbox 471 684 708 723; x_wconf 87' lang='lat' dir='ltr'><strong>obtinuerunt.</strong></span> <span class='ocrx_word' id='word_1_111' title='bbox 739 707 783 713; x_wconf 92' lang='lat'><strong>—-</strong></span> <span class='ocrx_word' id='word_1_112' title='bbox 816 684 849 729; x_wconf 91' lang='lat' dir='ltr'><strong>l,</strong></span> <span class='ocrx_word' id='word_1_113' title='bbox 873 684 911 729; x_wconf 74' lang='lat'><strong>2,</strong></span> <span class='ocrx_word' id='word_1_114' title='bbox 932 684 955 722; x_wconf 81' lang='lat'>9</span> <span class='ocrx_word' id='word_1_115' title='bbox 980 683 1070 732; x_wconf 85' lang='lat' dir='ltr'><strong>vulg.</strong></span> <span class='ocrx_word' id='word_1_116' title='bbox 1096 681 1265 731; x_wconf 73' lang='grc' dir='ltr'><strong><em>ἐγένοντο</em></strong></span> <span class='ocrx_word' id='word_1_117' title='bbox 1285 682 1323 719; x_wconf 79' lang='grc' dir='ltr'><strong>οἱ</strong></span> <span class='ocrx_word' id='word_1_118' title='bbox 1345 680 1550 731; x_wconf 83' lang='grc' dir='ltr'><strong><em>σύμπαντες</em></strong></span> <span class='ocrx_word' id='word_1_119' title='bbox 1580 681 1728 721; x_wconf 78' lang='grc' dir='ltr'><strong><em>ὁπλῖται</em></strong></span> <span class='ocrx_word' id='word_1_120' title='bbox 1751 683 1822 732; x_wconf 79' lang='grc' dir='ltr'><strong>μὲν</strong></span> <span class='ocrx_word' id='word_1_121' title='bbox 1841 682 1970 732; x_wconf 85' lang='grc' dir='ltr'><strong><em>μύριοι</em></strong></span> <span class='ocrx_word' id='word_1_122' title='bbox 1992 684 2055 721; x_wconf 82' lang='grc' dir='ltr'><strong>καὶ</strong></span> <span class='ocrx_word' id='word_1_123' title='bbox 2079 686 2200 733; x_wconf 79' lang='grc' dir='ltr'><strong><em>χίλιοι,</em></strong></span> 
     </span>
     <span class='ocr_line' id='line_1_11' title="bbox 122 741 2202 793; baseline -0 -12"><span class='ocrx_word' id='word_1_124' title='bbox 122 742 320 781; x_wconf 68' lang='grc' dir='ltr'><strong><em>πελτασταὶ</em></strong></span> <span class='ocrx_word' id='word_1_125' title='bbox 343 742 385 779; x_wconf 74' lang='grc' dir='ltr'><strong>δὲ</strong></span> <span class='ocrx_word' id='word_1_126' title='bbox 409 741 508 793; x_wconf 77' lang='grc' dir='ltr'><strong>ἀμφὶ</strong></span> <span class='ocrx_word' id='word_1_127' title='bbox 531 742 619 788; x_wconf 81' lang='grc' dir='ltr'><strong><em>τοὺς</em></strong></span> <span class='ocrx_word' id='word_1_128' title='bbox 649 743 857 791; x_wconf 78' lang='grc' dir='ltr'><strong><em>διςχιλίους.</em></strong></span> <span class='ocrx_word' id='word_1_129' title='bbox 909 744 1011 788; x_wconf 83' lang='lat' dir='ltr'><strong>Quae</strong></span> <span class='ocrx_word' id='word_1_130' title='bbox 1037 742 1072 778; x_wconf 85' lang='lat' dir='ltr'><strong>in</strong></span> <span class='ocrx_word' id='word_1_131' title='bbox 1094 743 1404 779; x_wconf 81' lang='lat' dir='ltr'><strong>HFEDEtVY</strong></span> <span class='ocrx_word' id='word_1_132' title='bbox 1426 743 1636 779; x_wconf 88' lang='lat' dir='ltr'><strong>horrendum</strong></span> <span class='ocrx_word' id='word_1_133' title='bbox 1664 744 1698 778; x_wconf 92' lang='lat' dir='ltr'><strong>in</strong></span> <span class='ocrx_word' id='word_1_134' title='bbox 1727 744 1871 779; x_wconf 91' lang='lat' dir='ltr'><strong>modum</strong></span> <span class='ocrx_word' id='word_1_135' title='bbox 1897 743 2101 791; x_wconf 88' lang='lat' dir='ltr'><strong>interpolata</strong></span> <span class='ocrx_word' id='word_1_136' title='bbox 2126 757 2202 780; x_wconf 84' lang='lat' dir='ltr'><strong>esse</strong></span> 
     </span>
     <span class='ocr_line' id='line_1_12' title="bbox 123 797 2198 852; baseline -0 -12"><span class='ocrx_word' id='word_1_137' title='bbox 123 815 167 839; x_wconf 79' lang='lat' dir='ltr'><strong>ne</strong></span> <span class='ocrx_word' id='word_1_138' title='bbox 190 804 375 840; x_wconf 58' lang='lat' dir='ltr'><strong>Kanum</strong></span> <span class='ocrx_word' id='word_1_139' title='bbox 401 804 540 851; x_wconf 89' lang='lat' dir='ltr'><strong>quidem</strong></span> <span class='ocrx_word' id='word_1_140' title='bbox 562 804 732 851; x_wconf 87' lang='lat' dir='ltr'><strong>denegare</strong></span> <span class='ocrx_word' id='word_1_141' title='bbox 757 803 882 851; x_wconf 85' lang='lat' dir='ltr'><strong>potuit.</strong></span> <span class='ocrx_word' id='word_1_142' title='bbox 907 824 951 829; x_wconf 98' lang='lat'><strong>—</strong></span> <span class='ocrx_word' id='word_1_143' title='bbox 988 803 1023 845; x_wconf 90' lang='lat'><strong>1,</strong></span> <span class='ocrx_word' id='word_1_144' title='bbox 1041 802 1076 845; x_wconf 74' lang='lat'><strong>2,</strong></span> <span class='ocrx_word' id='word_1_145' title='bbox 1104 801 1149 838; x_wconf 80' lang='lat'><strong>12</strong></span> <span class='ocrx_word' id='word_1_146' title='bbox 1174 802 1262 849; x_wconf 80' lang='lat' dir='ltr'><strong>vulg.</strong></span> <span class='ocrx_word' id='word_1_147' title='bbox 1287 797 1357 847; x_wconf 79' lang='grc' dir='ltr'><strong><em>εἶχε</em></strong></span> <span class='ocrx_word' id='word_1_148' title='bbox 1383 800 1423 838; x_wconf 81' lang='grc' dir='ltr'><strong>δὲ</strong></span> <span class='ocrx_word' id='word_1_149' title='bbox 1447 797 1469 848; x_wconf 81' lang='grc' dir='ltr'><em>ἦ</em></span> <span class='ocrx_word' id='word_1_150' title='bbox 1492 802 1653 838; x_wconf 83' lang='grc' dir='ltr'><strong><em>Κίλισσα</em></strong></span> <span class='ocrx_word' id='word_1_151' title='bbox 1676 801 1741 839; x_wconf 79' lang='grc' dir='ltr'><strong><em>καὶ</em></strong></span> <span class='ocrx_word' id='word_1_152' title='bbox 1765 800 1937 850; x_wconf 80' lang='grc' dir='ltr'><strong><em>φύλακας</em></strong></span> <span class='ocrx_word' id='word_1_153' title='bbox 1961 801 2048 849; x_wconf 87' lang='grc' dir='ltr'><strong><em>περὶ</em></strong></span> <span class='ocrx_word' id='word_1_154' title='bbox 2072 800 2198 852; x_wconf 71' lang='grc' dir='ltr'><strong><em>αὑτήν.</em></strong></span> 
     </span>
     <span class='ocr_line' id='line_1_13' title="bbox 122 858 2199 909; baseline -0 -11"><span class='ocrx_word' id='word_1_155' title='bbox 122 860 180 898; x_wconf 91' lang='lat' dir='ltr'><strong>Sic</strong></span> <span class='ocrx_word' id='word_1_156' title='bbox 209 860 312 898; x_wconf 87' lang='lat' dir='ltr'><strong>etiam</strong></span> <span class='ocrx_word' id='word_1_157' title='bbox 345 861 524 906; x_wconf 80' lang='lat' dir='ltr'>HFEY,</span> <span class='ocrx_word' id='word_1_158' title='bbox 560 861 620 899; x_wconf 87' lang='lat' dir='ltr'><strong>sed</strong></span> <span class='ocrx_word' id='word_1_159' title='bbox 652 861 785 904; x_wconf 82' lang='lat' dir='ltr'><strong>insertis</strong></span> <span class='ocrx_word' id='word_1_160' title='bbox 816 860 929 897; x_wconf 87' lang='lat' dir='ltr'><strong>verbis</strong></span> <span class='ocrx_word' id='word_1_161' title='bbox 962 859 1053 905; x_wconf 81' lang='grc' dir='ltr'><strong><em>[καὶ]</em></strong></span> <span class='ocrx_word' id='word_1_162' title='bbox 1084 858 1264 908; x_wconf 87' lang='grc' dir='ltr'><strong><em>φυλακήν.</em></strong></span> <span class='ocrx_word' id='word_1_163' title='bbox 1317 860 1538 908; x_wconf 89' lang='lat' dir='ltr'><strong>Quamquam</strong></span> <span class='ocrx_word' id='word_1_164' title='bbox 1569 861 1653 897; x_wconf 87' lang='lat' dir='ltr'><strong>haec</strong></span> <span class='ocrx_word' id='word_1_165' title='bbox 1679 860 1820 909; x_wconf 90' lang='lat' dir='ltr'><strong>quidem</strong></span> <span class='ocrx_word' id='word_1_166' title='bbox 1853 861 1960 897; x_wconf 90' lang='lat' dir='ltr'><strong>invito</strong></span> <span class='ocrx_word' id='word_1_167' title='bbox 1992 861 2133 898; x_wconf 88' lang='lat' dir='ltr'><strong>librario</strong></span> <span class='ocrx_word' id='word_1_168' title='bbox 2166 863 2199 898; x_wconf 89' lang='lat' dir='ltr'><strong>in</strong></span> 
     </span>
     <span class='ocr_line' id='line_1_14' title="bbox 121 915 2199 969; baseline 0.001 -13"><span class='ocrx_word' id='word_1_169' title='bbox 121 920 235 968; x_wconf 75' lang='lat' dir='ltr'><strong>ipsum</strong></span> <span class='ocrx_word' id='word_1_170' title='bbox 260 925 458 957; x_wconf 84' lang='lat' dir='ltr'><strong>contextum</strong></span> <span class='ocrx_word' id='word_1_171' title='bbox 486 921 663 969; x_wconf 82' lang='lat' dir='ltr'><strong>irrepsisse</strong></span> <span class='ocrx_word' id='word_1_172' title='bbox 687 919 852 958; x_wconf 88' lang='lat' dir='ltr'><strong>concedo.</strong></span> <span class='ocrx_word' id='word_1_173' title='bbox 878 940 922 946; x_wconf 88' lang='lat'>—</span> <span class='ocrx_word' id='word_1_174' title='bbox 946 919 1083 955; x_wconf 85' lang='lat' dir='ltr'><strong>Pariter</strong></span> <span class='ocrx_word' id='word_1_175' title='bbox 1102 919 1130 962; x_wconf 92' lang='lat'><strong>1,</strong></span> <span class='ocrx_word' id='word_1_176' title='bbox 1144 919 1210 961; x_wconf 82' lang='lat'><strong>3‚6</strong></span> <span class='ocrx_word' id='word_1_177' title='bbox 1230 919 1321 955; x_wconf 90' lang='lat' dir='ltr'><strong>inter</strong></span> <span class='ocrx_word' id='word_1_178' title='bbox 1344 916 1391 955; x_wconf 83' lang='grc' dir='ltr'><strong><em>ι’ίν</em></strong></span> <span class='ocrx_word' id='word_1_179' title='bbox 1416 924 1450 955; x_wconf 88' lang='lat' dir='ltr'><strong>et</strong></span> <span class='ocrx_word' id='word_1_180' title='bbox 1472 915 1569 955; x_wconf 86' lang='grc' dir='ltr'><strong><em>εἶναι</em></strong></span> <span class='ocrx_word' id='word_1_181' title='bbox 1588 920 1707 966; x_wconf 88' lang='grc' dir='ltr'><strong><em>τίμιος</em></strong></span> <span class='ocrx_word' id='word_1_182' title='bbox 1732 920 1767 956; x_wconf 92' lang='lat' dir='ltr'><strong>in</strong></span> <span class='ocrx_word' id='word_1_183' title='bbox 1792 920 1865 957; x_wconf 86' lang='lat' dir='ltr'><strong>HF</strong></span> <span class='ocrx_word' id='word_1_184' title='bbox 1879 920 1955 956; x_wconf 92' lang='lat' dir='ltr'><strong>ED</strong></span> <span class='ocrx_word' id='word_1_185' title='bbox 1969 920 2016 957; x_wconf 89' lang='lat' dir='ltr'><strong>Et</strong></span> <span class='ocrx_word' id='word_1_186' title='bbox 2038 920 2199 958; x_wconf 88' lang='lat' dir='ltr'><strong>interser-</strong></span> 
     </span>
     <span class='ocr_line' id='line_1_15' title="bbox 120 973 2200 1028; baseline 0 -13"><span class='ocrx_word' id='word_1_187' title='bbox 120 983 194 1015; x_wconf 89' lang='lat' dir='ltr'><strong>tum</strong></span> <span class='ocrx_word' id='word_1_188' title='bbox 219 973 343 1026; x_wconf 79' lang='grc' dir='ltr'><strong><em>οἶμαι,</em></strong></span> <span class='ocrx_word' id='word_1_189' title='bbox 377 978 473 1028; x_wconf 89' lang='lat' dir='ltr'><strong>quod</strong></span> <span class='ocrx_word' id='word_1_190' title='bbox 498 979 542 1015; x_wconf 92' lang='lat' dir='ltr'><strong>ab</strong></span> <span class='ocrx_word' id='word_1_191' title='bbox 569 979 645 1028; x_wconf 89' lang='lat' dir='ltr'><strong>ipso</strong></span> <span class='ocrx_word' id='word_1_192' title='bbox 670 976 907 1026; x_wconf 81' lang='lat' dir='ltr'><strong>Xenophonte</strong></span> <span class='ocrx_word' id='word_1_193' title='bbox 935 976 1107 1026; x_wconf 86' lang='lat' dir='ltr'><strong>adjectum</strong></span> <span class='ocrx_word' id='word_1_194' title='bbox 1135 977 1350 1026; x_wconf 79' lang='lat' dir='ltr'><strong>Dindorfius‚</strong></span> <span class='ocrx_word' id='word_1_195' title='bbox 1383 977 1573 1014; x_wconf 76' lang='lat' dir='ltr'><strong>Hertlz&#39;m&#39;us</strong></span> <span class='ocrx_word' id='word_1_196' title='bbox 1597 983 1631 1014; x_wconf 91' lang='lat' dir='ltr'><strong>et</strong></span> <span class='ocrx_word' id='word_1_197' title='bbox 1656 978 1841 1014; x_wconf 67' lang='lat' dir='ltr'><strong>Kia&#39;lmerus</strong></span> <span class='ocrx_word' id='word_1_198' title='bbox 1865 990 1935 1014; x_wconf 91' lang='lat' dir='ltr'><strong>non</strong></span> <span class='ocrx_word' id='word_1_199' title='bbox 1962 978 2200 1021; x_wconf 83' lang='lat' dir='ltr'><strong>credidissent,</strong></span> 
     </span>
     <span class='ocr_line' id='line_1_16' title="bbox 119 1033 2198 1085; baseline 0 -11"><span class='ocrx_word' id='word_1_200' title='bbox 119 1037 184 1074; x_wconf 86' lang='lat' dir='ltr'><strong>nisi</strong></span> <span class='ocrx_word' id='word_1_201' title='bbox 207 1037 313 1074; x_wconf 83' lang='lat' dir='ltr'><strong>nimia</strong></span> <span class='ocrx_word' id='word_1_202' title='bbox 336 1037 472 1074; x_wconf 89' lang='lat' dir='ltr'><strong>illorum</strong></span> <span class='ocrx_word' id='word_1_203' title='bbox 495 1038 662 1074; x_wconf 88' lang='lat' dir='ltr'><strong>librorum</strong></span> <span class='ocrx_word' id='word_1_204' title='bbox 688 1036 796 1085; x_wconf 83' lang='lat' dir='ltr'><strong>gratia</strong></span> <span class='ocrx_word' id='word_1_205' title='bbox 819 1041 1031 1073; x_wconf 88' lang='lat' dir='ltr'><strong>tenerentur.</strong></span> <span class='ocrx_word' id='word_1_206' title='bbox 1056 1056 1100 1062; x_wconf 92' lang='lat'><strong>—-</strong></span> <span class='ocrx_word' id='word_1_207' title='bbox 1128 1036 1156 1080; x_wconf 90' lang='lat'><strong>1,</strong></span> <span class='ocrx_word' id='word_1_208' title='bbox 1176 1037 1208 1080; x_wconf 87' lang='lat'><strong>5,</strong></span> <span class='ocrx_word' id='word_1_209' title='bbox 1228 1037 1273 1073; x_wconf 81' lang='lat'><strong>14</strong></span> <span class='ocrx_word' id='word_1_210' title='bbox 1297 1036 1385 1083; x_wconf 82' lang='lat' dir='ltr'><strong>vulg.</strong></span> <span class='ocrx_word' id='word_1_211' title='bbox 1407 1033 1534 1083; x_wconf 83' lang='grc' dir='ltr'><strong><em>ὀλίγου</em></strong></span> <span class='ocrx_word' id='word_1_212' title='bbox 1553 1035 1759 1085; x_wconf 81' lang='grc' dir='ltr'><strong><em>δεήσαντος.</em></strong></span> <span class='ocrx_word' id='word_1_213' title='bbox 1810 1036 1948 1082; x_wconf 89' lang='lat' dir='ltr'><strong>Quibus</strong></span> <span class='ocrx_word' id='word_1_214' title='bbox 1973 1037 2007 1073; x_wconf 93' lang='lat' dir='ltr'><strong>in</strong></span> <span class='ocrx_word' id='word_1_215' title='bbox 2034 1038 2151 1074; x_wconf 89' lang='lat' dir='ltr'><strong>HFE</strong></span> <span class='ocrx_word' id='word_1_216' title='bbox 2166 1039 2198 1074; x_wconf 89' lang='lat' dir='ltr'>D</span> 
     </span>
     <span class='ocr_line' id='line_1_17' title="bbox 119 1093 2199 1144; baseline 0.001 -13"><span class='ocrx_word' id='word_1_217' title='bbox 119 1094 236 1132; x_wconf 83' lang='grc' dir='ltr'><strong><em>αὐτοῦ</em></strong></span> <span class='ocrx_word' id='word_1_218' title='bbox 261 1097 450 1144; x_wconf 83' lang='lat' dir='ltr'><strong>praefixum</strong></span> <span class='ocrx_word' id='word_1_219' title='bbox 477 1101 530 1132; x_wconf 87' lang='lat' dir='ltr'><strong>est</strong></span> <span class='ocrx_word' id='word_1_220' title='bbox 549 1097 614 1143; x_wconf 78' lang='lat'>¹⁹),</span> <span class='ocrx_word' id='word_1_221' title='bbox 638 1096 732 1143; x_wconf 89' lang='lat' dir='ltr'><strong>quod</strong></span> <span class='ocrx_word' id='word_1_222' title='bbox 757 1095 860 1132; x_wconf 88' lang='lat' dir='ltr'><strong>etiam</strong></span> <span class='ocrx_word' id='word_1_223' title='bbox 882 1095 917 1131; x_wconf 91' lang='lat' dir='ltr'><strong>in</strong></span> <span class='ocrx_word' id='word_1_224' title='bbox 935 1093 968 1131; x_wconf 90' lang='lat' dir='ltr'><strong>G</strong></span> <span class='ocrx_word' id='word_1_225' title='bbox 983 1095 1134 1132; x_wconf 85' lang='lat' dir='ltr'><strong>secunda</strong></span> <span class='ocrx_word' id='word_1_226' title='bbox 1160 1107 1279 1132; x_wconf 91' lang='lat' dir='ltr'><strong>manus</strong></span> <span class='ocrx_word' id='word_1_227' title='bbox 1303 1095 1426 1143; x_wconf 90' lang='lat' dir='ltr'><strong>adjecit</strong></span> <span class='ocrx_word' id='word_1_228' title='bbox 1450 1097 1614 1144; x_wconf 89' lang='lat' dir='ltr'><strong>quodque</strong></span> <span class='ocrx_word' id='word_1_229' title='bbox 1637 1100 1843 1144; x_wconf 89' lang='lat' dir='ltr'><strong>receperunt</strong></span> <span class='ocrx_word' id='word_1_230' title='bbox 1867 1095 1909 1132; x_wconf 90' lang='lat' dir='ltr'><strong>ad</strong></span> <span class='ocrx_word' id='word_1_231' title='bbox 1936 1107 2044 1132; x_wconf 93' lang='lat' dir='ltr'><strong>unum</strong></span> <span class='ocrx_word' id='word_1_232' title='bbox 2069 1109 2199 1134; x_wconf 89' lang='lat' dir='ltr'><strong>omnes.</strong></span> 
     </span>
     <span class='ocr_line' id='line_1_18' title="bbox 118 1151 2196 1204; baseline 0 -13"><span class='ocrx_word' id='word_1_233' title='bbox 118 1154 183 1191; x_wconf 89' lang='lat' dir='ltr'><strong>Est</strong></span> <span class='ocrx_word' id='word_1_234' title='bbox 203 1159 319 1191; x_wconf 89' lang='lat' dir='ltr'><strong>autem</strong></span> <span class='ocrx_word' id='word_1_235' title='bbox 346 1154 375 1191; x_wconf 88' lang='lat' dir='ltr'><strong>si</strong></span> <span class='ocrx_word' id='word_1_236' title='bbox 401 1153 593 1204; x_wconf 84' lang='lat' dir='ltr'><strong>quidquam</strong></span> <span class='ocrx_word' id='word_1_237' title='bbox 618 1166 637 1190; x_wconf 91' lang='lat' dir='ltr'><strong>a</strong></span> <span class='ocrx_word' id='word_1_238' title='bbox 660 1153 800 1190; x_wconf 89' lang='lat' dir='ltr'><strong>librario</strong></span> <span class='ocrx_word' id='word_1_239' title='bbox 822 1153 1079 1202; x_wconf 84' lang='lat' dir='ltr'><strong>interpolatum.</strong></span> <span class='ocrx_word' id='word_1_240' title='bbox 1130 1151 1254 1190; x_wconf 81' lang='grc' dir='ltr'><strong><em>Αὐτοῦ</em></strong></span> <span class='ocrx_word' id='word_1_241' title='bbox 1278 1165 1348 1190; x_wconf 90' lang='lat' dir='ltr'><strong>non</strong></span> <span class='ocrx_word' id='word_1_242' title='bbox 1370 1166 1443 1190; x_wconf 84' lang='lat' dir='ltr'><strong>esse</strong></span> <span class='ocrx_word' id='word_1_243' title='bbox 1470 1154 1700 1192; x_wconf 89' lang='lat' dir='ltr'><strong>necessarium</strong></span> <span class='ocrx_word' id='word_1_244' title='bbox 1728 1165 1837 1202; x_wconf 91' lang='lat' dir='ltr'><strong>quum</strong></span> <span class='ocrx_word' id='word_1_245' title='bbox 1862 1153 1927 1190; x_wconf 86' lang='lat' dir='ltr'><strong>alia</strong></span> <span class='ocrx_word' id='word_1_246' title='bbox 1951 1155 2108 1203; x_wconf 85' lang='lat' dir='ltr'><strong>exempla</strong></span> <span class='ocrx_word' id='word_1_247' title='bbox 2136 1156 2196 1192; x_wconf 94' lang='lat' dir='ltr'><strong>do-</strong></span> 
     </span>
     <span class='ocr_line' id='line_1_19' title="bbox 118 1210 2195 1261; baseline -0 -11"><span class='ocrx_word' id='word_1_248' title='bbox 118 1219 198 1250; x_wconf 84' lang='lat' dir='ltr'><strong>cent</strong></span> <span class='ocrx_word' id='word_1_249' title='bbox 223 1219 297 1249; x_wconf 89' lang='lat' dir='ltr'><strong>tum</strong></span> <span class='ocrx_word' id='word_1_250' title='bbox 321 1214 381 1257; x_wconf 85' lang='lat' dir='ltr'><strong>lv,</strong></span> <span class='ocrx_word' id='word_1_251' title='bbox 405 1213 439 1257; x_wconf 79' lang='lat'><strong>8,</strong></span> <span class='ocrx_word' id='word_1_252' title='bbox 457 1212 499 1248; x_wconf 71' lang='lat'><strong>5.</strong></span> <span class='ocrx_word' id='word_1_253' title='bbox 526 1234 571 1241; x_wconf 88' lang='lat'><strong>--—</strong></span> <span class='ocrx_word' id='word_1_254' title='bbox 599 1214 631 1256; x_wconf 90' lang='lat'><strong>1,</strong></span> <span class='ocrx_word' id='word_1_255' title='bbox 654 1213 694 1256; x_wconf 83' lang='lat'><strong>9,</strong></span> <span class='ocrx_word' id='word_1_256' title='bbox 724 1214 770 1249; x_wconf 84' lang='lat'><strong>14</strong></span> <span class='ocrx_word' id='word_1_257' title='bbox 794 1213 885 1260; x_wconf 82' lang='lat' dir='ltr'><strong>vulg.</strong></span> <span class='ocrx_word' id='word_1_258' title='bbox 912 1210 1066 1255; x_wconf 81' lang='grc' dir='ltr'><strong><em>τούτους</em></strong></span> <span class='ocrx_word' id='word_1_259' title='bbox 1089 1212 1153 1248; x_wconf 79' lang='grc' dir='ltr'><strong>καὶ</strong></span> <span class='ocrx_word' id='word_1_260' title='bbox 1175 1211 1352 1261; x_wconf 74' lang='grc' dir='ltr'><strong><em>ἄρχοντας</em></strong></span> <span class='ocrx_word' id='word_1_261' title='bbox 1378 1213 1491 1249; x_wconf 77' lang='grc' dir='ltr'><strong><em>ἐποίει</em></strong></span> <span class='ocrx_word' id='word_1_262' title='bbox 1505 1236 1548 1240; x_wconf 95' lang='grc'>-</span> <span class='ocrx_word' id='word_1_263' title='bbox 1563 1212 1627 1249; x_wconf 82' lang='grc' dir='ltr'><strong>καὶ</strong></span> <span class='ocrx_word' id='word_1_264' title='bbox 1646 1210 1772 1255; x_wconf 73' lang='grc' dir='ltr'><strong><em>ἄλλοις</em></strong></span> <span class='ocrx_word' id='word_1_265' title='bbox 1794 1210 1928 1258; x_wconf 77' lang='grc' dir='ltr'><strong><em>δώροις</em></strong></span> <span class='ocrx_word' id='word_1_266' title='bbox 1953 1212 2067 1259; x_wconf 81' lang='grc' dir='ltr'><strong><em>ἐτίμα.</em></strong></span> <span class='ocrx_word' id='word_1_267' title='bbox 2120 1215 2150 1249; x_wconf 82' lang='lat' dir='ltr'>V</span> <span class='ocrx_word' id='word_1_268' title='bbox 2166 1216 2195 1249; x_wconf 73' lang='lat' dir='ltr'>Y</span> 
     </span>
     <span class='ocr_line' id='line_1_20' title="bbox 120 1270 2195 1320; baseline 0 -11"><span class='ocrx_word' id='word_1_269' title='bbox 120 1272 271 1309; x_wconf 78' lang='grc' dir='ltr'><strong><em>ἔπειτα</em></strong></span> <span class='ocrx_word' id='word_1_270' title='bbox 295 1272 361 1308; x_wconf 76' lang='grc' dir='ltr'><strong><em>καὶ</em></strong></span> <span class='ocrx_word' id='word_1_271' title='bbox 385 1270 420 1308; x_wconf 77' lang='grc' dir='ltr'><strong>ἅ.</strong></span> <span class='ocrx_word' id='word_1_272' title='bbox 444 1273 476 1308; x_wconf 80' lang='grc' dir='ltr'><strong>δ.</strong></span> <span class='ocrx_word' id='word_1_273' title='bbox 504 1271 552 1308; x_wconf 81' lang='grc' dir='ltr'><strong><em>ἐτ.</em></strong></span> <span class='ocrx_word' id='word_1_274' title='bbox 593 1272 816 1308; x_wconf 86' lang='lat' dir='ltr'><strong>HFEDEt</strong></span> <span class='ocrx_word' id='word_1_275' title='bbox 842 1270 995 1308; x_wconf 80' lang='grc' dir='ltr'><strong><em>ἔπειτα</em></strong></span> <span class='ocrx_word' id='word_1_276' title='bbox 1020 1270 1067 1307; x_wconf 87' lang='grc' dir='ltr'><strong>δέ</strong></span> <span class='ocrx_word' id='word_1_277' title='bbox 1093 1273 1157 1308; x_wconf 84' lang='grc' dir='ltr'><strong>καί</strong></span> <span class='ocrx_word' id='word_1_278' title='bbox 1177 1275 1249 1309; x_wconf 79' lang='grc' dir='ltr'><strong><em>κτλ.</em></strong></span> <span class='ocrx_word' id='word_1_279' title='bbox 1301 1273 1481 1309; x_wconf 91' lang='lat' dir='ltr'><strong>Editorum</strong></span> <span class='ocrx_word' id='word_1_280' title='bbox 1510 1273 1604 1308; x_wconf 91' lang='lat' dir='ltr'><strong>solus</strong></span> <span class='ocrx_word' id='word_1_281' title='bbox 1631 1273 1809 1320; x_wconf 71' lang='lat' dir='ltr'><strong>Kria&#39;qerus</strong></span> <span class='ocrx_word' id='word_1_282' title='bbox 1835 1271 1922 1307; x_wconf 90' lang='lat' dir='ltr'><strong>hanc</strong></span> <span class='ocrx_word' id='word_1_283' title='bbox 1948 1271 2195 1319; x_wconf 87' lang='lat' dir='ltr'><strong>ineptissimam</strong></span> 
     </span>
     <span class='ocr_line' id='line_1_21' title="bbox 118 1330 2195 1380; baseline -0.001 -12"><span class='ocrx_word' id='word_1_284' title='bbox 118 1333 299 1368; x_wconf 80' lang='lat' dir='ltr'><strong>meliorum</strong></span> <span class='ocrx_word' id='word_1_285' title='bbox 325 1331 485 1367; x_wconf 88' lang='lat' dir='ltr'><strong>codicum</strong></span> <span class='ocrx_word' id='word_1_286' title='bbox 508 1331 712 1378; x_wconf 86' lang='lat' dir='ltr'><strong>scripturam</strong></span> <span class='ocrx_word' id='word_1_287' title='bbox 732 1336 926 1378; x_wconf 86' lang='lat' dir='ltr'><strong>spreverat,</strong></span> <span class='ocrx_word' id='word_1_288' title='bbox 966 1330 1072 1367; x_wconf 92' lang='lat' dir='ltr'><strong>modo</strong></span> <span class='ocrx_word' id='word_1_289' title='bbox 1097 1343 1141 1367; x_wconf 89' lang='lat' dir='ltr'><strong>ne</strong></span> <span class='ocrx_word' id='word_1_290' title='bbox 1162 1331 1193 1367; x_wconf 92' lang='lat' dir='ltr'><strong>in</strong></span> <span class='ocrx_word' id='word_1_291' title='bbox 1219 1331 1344 1368; x_wconf 89' lang='lat' dir='ltr'><strong>minori</strong></span> <span class='ocrx_word' id='word_1_292' title='bbox 1366 1331 1517 1368; x_wconf 87' lang='lat' dir='ltr'><strong>editione</strong></span> <span class='ocrx_word' id='word_1_293' title='bbox 1539 1330 1754 1379; x_wconf 86' lang='lat' dir='ltr'><strong>probandam</strong></span> <span class='ocrx_word' id='word_1_294' title='bbox 1780 1330 1944 1367; x_wconf 79' lang='lat' dir='ltr'><strong>duxisset.</strong></span> <span class='ocrx_word' id='word_1_295' title='bbox 1996 1330 2112 1375; x_wconf 80' lang='lat' dir='ltr'><strong>Quam</strong></span> <span class='ocrx_word' id='word_1_296' title='bbox 2137 1332 2195 1380; x_wconf 92' lang='lat' dir='ltr'><strong>qui</strong></span> 
     </span>
     <span class='ocr_line' id='line_1_22' title="bbox 116 1388 2196 1438; baseline 0 -12"><span class='ocrx_word' id='word_1_297' title='bbox 116 1390 301 1427; x_wconf 78' lang='lat' dir='ltr'><strong>defendere</strong></span> <span class='ocrx_word' id='word_1_298' title='bbox 324 1395 359 1426; x_wconf 91' lang='lat' dir='ltr'><strong>et</strong></span> <span class='ocrx_word' id='word_1_299' title='bbox 378 1389 540 1438; x_wconf 86' lang='lat' dir='ltr'><strong>expedire</strong></span> <span class='ocrx_word' id='word_1_300' title='bbox 558 1389 776 1433; x_wconf 87' lang='lat' dir='ltr'><strong>studuerunt,</strong></span> <span class='ocrx_word' id='word_1_301' title='bbox 799 1394 871 1425; x_wconf 88' lang='lat' dir='ltr'><strong>tam</strong></span> <span class='ocrx_word' id='word_1_302' title='bbox 889 1388 1015 1425; x_wconf 91' lang='lat' dir='ltr'><strong>mirum</strong></span> <span class='ocrx_word' id='word_1_303' title='bbox 1038 1388 1073 1425; x_wconf 91' lang='lat' dir='ltr'><strong>in</strong></span> <span class='ocrx_word' id='word_1_304' title='bbox 1099 1389 1238 1427; x_wconf 90' lang='lat' dir='ltr'><strong>modum</strong></span> <span class='ocrx_word' id='word_1_305' title='bbox 1262 1395 1473 1438; x_wconf 86' lang='lat' dir='ltr'><strong>argutantur,</strong></span> <span class='ocrx_word' id='word_1_306' title='bbox 1499 1394 1548 1433; x_wconf 89' lang='lat' dir='ltr'><strong>ut,</strong></span> <span class='ocrx_word' id='word_1_307' title='bbox 1578 1389 1605 1425; x_wconf 94' lang='lat' dir='ltr'><strong>si</strong></span> <span class='ocrx_word' id='word_1_308' title='bbox 1633 1401 1750 1426; x_wconf 89' lang='lat' dir='ltr'><strong>revera</strong></span> <span class='ocrx_word' id='word_1_309' title='bbox 1770 1388 1897 1425; x_wconf 89' lang='lat' dir='ltr'><strong>talibus</strong></span> <span class='ocrx_word' id='word_1_310' title='bbox 1913 1388 2057 1436; x_wconf 83' lang='lat' dir='ltr'><strong>argutiis</strong></span> <span class='ocrx_word' id='word_1_311' title='bbox 2074 1389 2116 1425; x_wconf 92' lang='lat' dir='ltr'><strong>ad</strong></span> <span class='ocrx_word' id='word_1_312' title='bbox 2140 1402 2196 1426; x_wconf 82' lang='lat' dir='ltr'><strong>ex-</strong></span> 
     </span>
     <span class='ocr_line' id='line_1_23' title="bbox 117 1447 2194 1497; baseline -0.001 -12"><span class='ocrx_word' id='word_1_313' title='bbox 117 1447 312 1497; x_wconf 85' lang='lat' dir='ltr'><strong>plicandum</strong></span> <span class='ocrx_word' id='word_1_314' title='bbox 345 1448 437 1485; x_wconf 91' lang='lat' dir='ltr'><strong>illam</strong></span> <span class='ocrx_word' id='word_1_315' title='bbox 471 1459 560 1496; x_wconf 92' lang='lat' dir='ltr'><strong>opus</strong></span> <span class='ocrx_word' id='word_1_316' title='bbox 587 1452 693 1492; x_wconf 87' lang='lat' dir='ltr'><strong>esset,</strong></span> <span class='ocrx_word' id='word_1_317' title='bbox 730 1458 804 1484; x_wconf 90' lang='lat' dir='ltr'><strong>eam</strong></span> <span class='ocrx_word' id='word_1_318' title='bbox 840 1447 903 1483; x_wconf 89' lang='lat' dir='ltr'><strong>hac</strong></span> <span class='ocrx_word' id='word_1_319' title='bbox 929 1447 1002 1483; x_wconf 84' lang='lat' dir='ltr'><strong>sola</strong></span> <span class='ocrx_word' id='word_1_320' title='bbox 1030 1447 1074 1483; x_wconf 85' lang='lat' dir='ltr'><strong>de</strong></span> <span class='ocrx_word' id='word_1_321' title='bbox 1108 1459 1209 1484; x_wconf 88' lang='lat' dir='ltr'><strong>causa</strong></span> <span class='ocrx_word' id='word_1_322' title='bbox 1238 1448 1368 1497; x_wconf 90' lang='lat' dir='ltr'><strong>quippe</strong></span> <span class='ocrx_word' id='word_1_323' title='bbox 1401 1459 1420 1483; x_wconf 90' lang='lat' dir='ltr'><strong>a</strong></span> <span class='ocrx_word' id='word_1_324' title='bbox 1451 1448 1596 1496; x_wconf 82' lang='lat' dir='ltr'><strong>simplici</strong></span> <span class='ocrx_word' id='word_1_325' title='bbox 1626 1452 1732 1495; x_wconf 89' lang='lat' dir='ltr'><strong>atque</strong></span> <span class='ocrx_word' id='word_1_326' title='bbox 1768 1447 1916 1483; x_wconf 90' lang='lat' dir='ltr'><strong>dilucida</strong></span> <span class='ocrx_word' id='word_1_327' title='bbox 1949 1447 2194 1495; x_wconf 83' lang='lat' dir='ltr'><strong>Xenophontis</strong></span> 
     </span>
     <span class='ocr_line' id='line_1_24' title="bbox 116 1505 2193 1555; baseline -0 -12"><span class='ocrx_word' id='word_1_328' title='bbox 116 1507 274 1543; x_wconf 80' lang='lat' dir='ltr'><strong>oratione</strong></span> <span class='ocrx_word' id='word_1_329' title='bbox 295 1506 540 1543; x_wconf 89' lang='lat' dir='ltr'><strong>abhorrentem</strong></span> <span class='ocrx_word' id='word_1_330' title='bbox 563 1506 860 1542; x_wconf 88' lang='lat' dir='ltr'><strong>condemnandam</strong></span> <span class='ocrx_word' id='word_1_331' title='bbox 886 1505 1083 1542; x_wconf 90' lang='lat' dir='ltr'><strong>arbitrarer.</strong></span> <span class='ocrx_word' id='word_1_332' title='bbox 1134 1507 1324 1555; x_wconf 87' lang='lat' dir='ltr'><strong>Corruptus</strong></span> <span class='ocrx_word' id='word_1_333' title='bbox 1346 1512 1398 1543; x_wconf 88' lang='lat' dir='ltr'><strong>est</strong></span> <span class='ocrx_word' id='word_1_334' title='bbox 1421 1507 1515 1542; x_wconf 89' lang='lat' dir='ltr'><strong>locus</strong></span> <span class='ocrx_word' id='word_1_335' title='bbox 1539 1507 1589 1542; x_wconf 93' lang='lat' dir='ltr'><strong>uti</strong></span> <span class='ocrx_word' id='word_1_336' title='bbox 1613 1506 1647 1541; x_wconf 92' lang='lat' dir='ltr'><strong>in</strong></span> <span class='ocrx_word' id='word_1_337' title='bbox 1672 1505 1873 1542; x_wconf 89' lang='lat' dir='ltr'><strong>melioribus</strong></span> <span class='ocrx_word' id='word_1_338' title='bbox 1895 1506 2010 1548; x_wconf 81' lang='lat' dir='ltr'><strong>libriS,</strong></span> <span class='ocrx_word' id='word_1_339' title='bbox 2041 1519 2110 1542; x_wconf 90' lang='lat' dir='ltr'><strong>non</strong></span> <span class='ocrx_word' id='word_1_340' title='bbox 2144 1508 2193 1543; x_wconf 80' lang='lat' dir='ltr'><strong>uti</strong></span> 
     </span>
     <span class='ocr_line' id='line_1_25' title="bbox 115 1563 2194 1614; baseline 0 -12"><span class='ocrx_word' id='word_1_341' title='bbox 115 1565 218 1614; x_wconf 80' lang='lat' dir='ltr'><strong>vulgo</strong></span> <span class='ocrx_word' id='word_1_342' title='bbox 244 1564 380 1614; x_wconf 80' lang='lat' dir='ltr'><strong>legitur.</strong></span> <span class='ocrx_word' id='word_1_343' title='bbox 431 1568 551 1614; x_wconf 82' lang='lat' dir='ltr'><strong>Atque</strong></span> <span class='ocrx_word' id='word_1_344' title='bbox 575 1564 609 1601; x_wconf 91' lang='lat' dir='ltr'><strong>id</strong></span> <span class='ocrx_word' id='word_1_345' title='bbox 637 1564 778 1613; x_wconf 91' lang='lat' dir='ltr'><strong>quidem</strong></span> <span class='ocrx_word' id='word_1_346' title='bbox 809 1563 1038 1601; x_wconf 87' lang='lat' dir='ltr'><strong>certissimum</strong></span> <span class='ocrx_word' id='word_1_347' title='bbox 1071 1569 1173 1613; x_wconf 88' lang='lat' dir='ltr'><strong>puto,</strong></span> <span class='ocrx_word' id='word_1_348' title='bbox 1207 1564 1330 1603; x_wconf 77' lang='grc' dir='ltr'><strong><em>ἔπειτα</em></strong></span> <span class='ocrx_word' id='word_1_349' title='bbox 1354 1563 1394 1602; x_wconf 82' lang='grc' dir='ltr'><strong>δέ</strong></span> <span class='ocrx_word' id='word_1_350' title='bbox 1417 1564 1470 1602; x_wconf 92' lang='lat' dir='ltr'><strong>hic</strong></span> <span class='ocrx_word' id='word_1_351' title='bbox 1495 1576 1608 1613; x_wconf 88' lang='lat' dir='ltr'><strong>neque</strong></span> <span class='ocrx_word' id='word_1_352' title='bbox 1633 1564 1775 1601; x_wconf 90' lang='lat' dir='ltr'><strong>omnino</strong></span> <span class='ocrx_word' id='word_1_353' title='bbox 1797 1564 1910 1601; x_wconf 88' lang='lat' dir='ltr'><strong>locum</strong></span> <span class='ocrx_word' id='word_1_354' title='bbox 1940 1563 2068 1602; x_wconf 87' lang='lat' dir='ltr'><strong>habere</strong></span> <span class='ocrx_word' id='word_1_355' title='bbox 2091 1578 2194 1614; x_wconf 87' lang='lat' dir='ltr'><strong>posse</strong></span> 
     </span>
     <span class='ocr_line' id='line_1_26' title="bbox 114 1620 2193 1673; baseline 0 -13"><span class='ocrx_word' id='word_1_356' title='bbox 114 1636 229 1673; x_wconf 88' lang='lat' dir='ltr'><strong>neque</strong></span> <span class='ocrx_word' id='word_1_357' title='bbox 254 1625 325 1661; x_wconf 92' lang='lat' dir='ltr'><strong>ullo</strong></span> <span class='ocrx_word' id='word_1_358' title='bbox 351 1630 453 1672; x_wconf 89' lang='lat' dir='ltr'><strong>pacto</strong></span> <span class='ocrx_word' id='word_1_359' title='bbox 478 1634 580 1672; x_wconf 87' lang='lat' dir='ltr'><strong>posse</strong></span> <span class='ocrx_word' id='word_1_360' title='bbox 598 1624 728 1672; x_wconf 92' lang='lat' dir='ltr'><strong>opponi</strong></span> <span class='ocrx_word' id='word_1_361' title='bbox 756 1623 803 1659; x_wconf 94' lang='lat' dir='ltr'><strong>illi</strong></span> <span class='ocrx_word' id='word_1_362' title='bbox 827 1623 976 1671; x_wconf 76' lang='grc' dir='ltr'><strong><em>πρῶτον</em></strong></span> <span class='ocrx_word' id='word_1_363' title='bbox 1000 1620 1089 1670; x_wconf 82' lang='grc' dir='ltr'>μέν,</span> <span class='ocrx_word' id='word_1_364' title='bbox 1125 1623 1215 1672; x_wconf 92' lang='lat' dir='ltr'><strong>quod</strong></span> <span class='ocrx_word' id='word_1_365' title='bbox 1242 1624 1346 1673; x_wconf 90' lang='lat' dir='ltr'><strong>paulo</strong></span> <span class='ocrx_word' id='word_1_366' title='bbox 1370 1629 1448 1660; x_wconf 89' lang='lat' dir='ltr'><strong>ante</strong></span> <span class='ocrx_word' id='word_1_367' title='bbox 1471 1624 1603 1671; x_wconf 86' lang='lat' dir='ltr'><strong>legitur.</strong></span> <span class='ocrx_word' id='word_1_368' title='bbox 1654 1624 1730 1659; x_wconf 90' lang='lat' dir='ltr'><strong>Imo</strong></span> <span class='ocrx_word' id='word_1_369' title='bbox 1757 1623 1839 1658; x_wconf 92' lang='lat' dir='ltr'><strong>mihi</strong></span> <span class='ocrx_word' id='word_1_370' title='bbox 1866 1623 1949 1659; x_wconf 91' lang='lat' dir='ltr'><strong>nihil</strong></span> <span class='ocrx_word' id='word_1_371' title='bbox 1974 1624 2193 1660; x_wconf 78' lang='lat' dir='ltr'><strong>verisimilius</strong></span> 
     </span>
     <span class='ocr_line' id='line_1_27' title="bbox 114 1679 2193 1732; baseline -0 -12"><span class='ocrx_word' id='word_1_372' title='bbox 114 1695 190 1720; x_wconf 87' lang='lat' dir='ltr'><strong>esse</strong></span> <span class='ocrx_word' id='word_1_373' title='bbox 210 1683 356 1727; x_wconf 86' lang='lat' dir='ltr'><strong>videtur,</strong></span> <span class='ocrx_word' id='word_1_374' title='bbox 372 1695 475 1731; x_wconf 91' lang='lat' dir='ltr'><strong>quam</strong></span> <span class='ocrx_word' id='word_1_375' title='bbox 498 1682 687 1726; x_wconf 89' lang='lat' dir='ltr'><strong>librarium,</strong></span> <span class='ocrx_word' id='word_1_376' title='bbox 707 1687 748 1719; x_wconf 92' lang='lat' dir='ltr'><strong>ut</strong></span> <span class='ocrx_word' id='word_1_377' title='bbox 764 1682 913 1730; x_wconf 79' lang='grc' dir='ltr'><strong><em>πρῶτον</em></strong></span> <span class='ocrx_word' id='word_1_378' title='bbox 929 1679 998 1730; x_wconf 88' lang='grc' dir='ltr'><strong>μέν</strong></span> <span class='ocrx_word' id='word_1_379' title='bbox 1017 1681 1160 1720; x_wconf 88' lang='lat' dir='ltr'><strong>haberet</strong></span> <span class='ocrx_word' id='word_1_380' title='bbox 1179 1695 1247 1732; x_wconf 95' lang='lat' dir='ltr'><strong>quo</strong></span> <span class='ocrx_word' id='word_1_381' title='bbox 1269 1682 1462 1727; x_wconf 80' lang='lat' dir='ltr'><strong>referretur,</strong></span> <span class='ocrx_word' id='word_1_382' title='bbox 1482 1682 1548 1726; x_wconf 88' lang='lat' dir='ltr'><strong>hic,</strong></span> <span class='ocrx_word' id='word_1_383' title='bbox 1570 1681 1779 1718; x_wconf 89' lang='lat' dir='ltr'><strong>alienissimo</strong></span> <span class='ocrx_word' id='word_1_384' title='bbox 1800 1681 1940 1730; x_wconf 89' lang='lat' dir='ltr'><strong>quidem</strong></span> <span class='ocrx_word' id='word_1_385' title='bbox 1965 1682 2053 1727; x_wconf 87' lang='lat' dir='ltr'><strong>loco,</strong></span> <span class='ocrx_word' id='word_1_386' title='bbox 2071 1681 2193 1719; x_wconf 81' lang='grc' dir='ltr'><strong><em>ἔπειτα</em></strong></span> 
     </span>
     <span class='ocr_line' id='line_1_28' title="bbox 113 1739 2190 1791; baseline 0 -13"><span class='ocrx_word' id='word_1_387' title='bbox 113 1742 165 1778; x_wconf 90' lang='lat' dir='ltr'><strong>vel</strong></span> <span class='ocrx_word' id='word_1_388' title='bbox 182 1740 305 1778; x_wconf 82' lang='grc' dir='ltr'><strong><em>ἔπειτα</em></strong></span> <span class='ocrx_word' id='word_1_389' title='bbox 318 1740 359 1778; x_wconf 75' lang='grc' dir='ltr'><strong>δέ</strong></span> <span class='ocrx_word' id='word_1_390' title='bbox 380 1741 574 1779; x_wconf 89' lang='lat' dir='ltr'><strong>inseruisse.</strong></span> <span class='ocrx_word' id='word_1_391' title='bbox 602 1741 725 1789; x_wconf 85' lang='lat' dir='ltr'><strong>Neque</strong></span> <span class='ocrx_word' id='word_1_392' title='bbox 745 1746 798 1777; x_wconf 87' lang='lat' dir='ltr'><strong>est</strong></span> <span class='ocrx_word' id='word_1_393' title='bbox 821 1753 884 1778; x_wconf 92' lang='lat' dir='ltr'><strong>cur</strong></span> <span class='ocrx_word' id='word_1_394' title='bbox 907 1740 965 1778; x_wconf 92' lang='lat' dir='ltr'><strong>illo</strong></span> <span class='ocrx_word' id='word_1_395' title='bbox 987 1742 1137 1789; x_wconf 80' lang='grc' dir='ltr'><strong><em>πρῶτον</em></strong></span> <span class='ocrx_word' id='word_1_396' title='bbox 1152 1739 1216 1789; x_wconf 83' lang='grc' dir='ltr'><strong>μέν</strong></span> <span class='ocrx_word' id='word_1_397' title='bbox 1236 1754 1300 1779; x_wconf 92' lang='lat' dir='ltr'><strong>nec</strong></span> <span class='ocrx_word' id='word_1_398' title='bbox 1324 1740 1445 1778; x_wconf 79' lang='grc' dir='ltr'><strong><em>ἔπειτα</em></strong></span> <span class='ocrx_word' id='word_1_399' title='bbox 1469 1754 1531 1778; x_wconf 87' lang='lat' dir='ltr'><strong>nec</strong></span> <span class='ocrx_word' id='word_1_400' title='bbox 1556 1741 1657 1778; x_wconf 89' lang='lat' dir='ltr'><strong>simili</strong></span> <span class='ocrx_word' id='word_1_401' title='bbox 1680 1740 1847 1789; x_wconf 89' lang='lat' dir='ltr'><strong>particula</strong></span> <span class='ocrx_word' id='word_1_402' title='bbox 1865 1747 2032 1789; x_wconf 88' lang='lat' dir='ltr'><strong>sequente</strong></span> <span class='ocrx_word' id='word_1_403' title='bbox 2049 1754 2190 1791; x_wconf 85' lang='lat' dir='ltr'><strong>magno-</strong></span> 
     </span>
     <span class='ocr_line' id='line_1_29' title="bbox 112 1800 2189 1849; baseline 0 -13"><span class='ocrx_word' id='word_1_404' title='bbox 112 1812 194 1848; x_wconf 86' lang='lat' dir='ltr'><strong>pere</strong></span> <span class='ocrx_word' id='word_1_405' title='bbox 222 1801 418 1837; x_wconf 81' lang='lat' dir='ltr'><strong>offendaris.</strong></span> <span class='ocrx_word' id='word_1_406' title='bbox 469 1801 526 1837; x_wconf 90' lang='lat' dir='ltr'><strong>Sic</strong></span> <span class='ocrx_word' id='word_1_407' title='bbox 561 1800 652 1836; x_wconf 92' lang='lat' dir='ltr'><strong>enim</strong></span> <span class='ocrx_word' id='word_1_408' title='bbox 683 1805 814 1843; x_wconf 89' lang='lat' dir='ltr'><strong>statuo,</strong></span> <span class='ocrx_word' id='word_1_409' title='bbox 857 1800 1128 1849; x_wconf 86' lang='lat' dir='ltr'><strong>Xenophontem</strong></span> <span class='ocrx_word' id='word_1_410' title='bbox 1160 1800 1299 1837; x_wconf 86' lang='lat' dir='ltr'><strong>omnino</strong></span> <span class='ocrx_word' id='word_1_411' title='bbox 1332 1801 1442 1849; x_wconf 90' lang='lat' dir='ltr'><strong>primo</strong></span> <span class='ocrx_word' id='word_1_412' title='bbox 1473 1805 1607 1837; x_wconf 85' lang='lat' dir='ltr'><strong>tantum</strong></span> <span class='ocrx_word' id='word_1_413' title='bbox 1641 1800 1719 1848; x_wconf 71' lang='lat' dir='ltr'><strong>Cyri</strong></span> <span class='ocrx_word' id='word_1_414' title='bbox 1752 1800 1842 1836; x_wconf 88' lang='lat' dir='ltr'><strong>bello</strong></span> <span class='ocrx_word' id='word_1_415' title='bbox 1868 1812 1930 1848; x_wconf 95' lang='lat' dir='ltr'><strong>pro</strong></span> <span class='ocrx_word' id='word_1_416' title='bbox 1957 1801 2115 1848; x_wconf 86' lang='lat' dir='ltr'><strong>exemplo</strong></span> <span class='ocrx_word' id='word_1_417' title='bbox 2139 1803 2189 1837; x_wconf 81' lang='lat' dir='ltr'><strong>uti</strong></span> 
     </span>
     <span class='ocr_line' id='line_1_30' title="bbox 112 1855 2191 1909; baseline 0 -15"><span class='ocrx_word' id='word_1_418' title='bbox 112 1858 281 1903; x_wconf 88' lang='lat' dir='ltr'><strong>voluisse,</strong></span> <span class='ocrx_word' id='word_1_419' title='bbox 321 1871 394 1909; x_wconf 92' lang='lat' dir='ltr'><strong>quo</strong></span> <span class='ocrx_word' id='word_1_420' title='bbox 417 1859 662 1907; x_wconf 87' lang='lat' dir='ltr'><strong>comprobaret</strong></span> <span class='ocrx_word' id='word_1_421' title='bbox 689 1858 741 1903; x_wconf 91' lang='lat' dir='ltr'><strong>id,</strong></span> <span class='ocrx_word' id='word_1_422' title='bbox 781 1859 876 1909; x_wconf 93' lang='lat' dir='ltr'><strong>quod</strong></span> <span class='ocrx_word' id='word_1_423' title='bbox 901 1864 1003 1905; x_wconf 79' lang='lat' dir='ltr'><strong>antea</strong></span> <span class='ocrx_word' id='word_1_424' title='bbox 1028 1859 1214 1908; x_wconf 83' lang='lat' dir='ltr'><strong>generatim</strong></span> <span class='ocrx_word' id='word_1_425' title='bbox 1240 1859 1390 1896; x_wconf 85' lang='lat' dir='ltr'><strong>dixerat:</strong></span> <span class='ocrx_word' id='word_1_426' title='bbox 1428 1856 1514 1903; x_wconf 86' lang='grc' dir='ltr'><strong><em>τούς</em></strong></span> <span class='ocrx_word' id='word_1_427' title='bbox 1538 1871 1579 1906; x_wconf 79' lang='grc' dir='ltr'><strong>γε</strong></span> <span class='ocrx_word' id='word_1_428' title='bbox 1602 1857 1726 1906; x_wconf 85' lang='grc' dir='ltr'><strong><em>μέντοι</em></strong></span> <span class='ocrx_word' id='word_1_429' title='bbox 1752 1855 1918 1905; x_wconf 78' lang='grc' dir='ltr'><strong><em>ἀγαθοὺς</em></strong></span> <span class='ocrx_word' id='word_1_430' title='bbox 1946 1859 1998 1901; x_wconf 84' lang='grc' dir='ltr'><strong>εἰς</strong></span> <span class='ocrx_word' id='word_1_431' title='bbox 2029 1857 2191 1907; x_wconf 83' lang='grc' dir='ltr'><strong><em>πόλεμον</em></strong></span> 
     </span>
     <span class='ocr_line' id='line_1_31' title="bbox 112 1914 2188 1968; baseline 0.001 -15"><span class='ocrx_word' id='word_1_432' title='bbox 112 1914 325 1965; x_wconf 76' lang='grc' dir='ltr'><strong><em>ὥμολόγητο</em></strong></span> <span class='ocrx_word' id='word_1_433' title='bbox 349 1916 604 1967; x_wconf 79' lang='grc' dir='ltr'><strong><em>διαφερόντως</em></strong></span> <span class='ocrx_word' id='word_1_434' title='bbox 626 1918 747 1964; x_wconf 83' lang='grc' dir='ltr'><strong><em>τιμᾶν.</em></strong></span> <span class='ocrx_word' id='word_1_435' title='bbox 798 1917 887 1955; x_wconf 86' lang='grc' dir='ltr'><strong>Μέν</strong></span> <span class='ocrx_word' id='word_1_436' title='bbox 911 1923 1026 1955; x_wconf 90' lang='lat' dir='ltr'><strong>autem</strong></span> <span class='ocrx_word' id='word_1_437' title='bbox 1056 1918 1111 1955; x_wconf 87' lang='lat' dir='ltr'><strong>hic</strong></span> <span class='ocrx_word' id='word_1_438' title='bbox 1137 1918 1166 1955; x_wconf 92' lang='lat' dir='ltr'><strong>vi</strong></span> <span class='ocrx_word' id='word_1_439' title='bbox 1196 1930 1257 1954; x_wconf 85' lang='lat' dir='ltr'><strong>sua</strong></span> <span class='ocrx_word' id='word_1_440' title='bbox 1290 1919 1425 1968; x_wconf 88' lang='lat' dir='ltr'><strong>propria</strong></span> <span class='ocrx_word' id='word_1_441' title='bbox 1454 1923 1679 1967; x_wconf 87' lang='lat' dir='ltr'><strong>usurpatum,</strong></span> <span class='ocrx_word' id='word_1_442' title='bbox 1714 1929 1782 1966; x_wconf 84' lang='lat' dir='ltr'><strong>qua</strong></span> <span class='ocrx_word' id='word_1_443' title='bbox 1806 1917 1876 1954; x_wconf 82' lang='lat' dir='ltr'><strong>sere</strong></span> <span class='ocrx_word' id='word_1_444' title='bbox 1902 1917 1991 1955; x_wconf 88' lang='lat' dir='ltr'><strong>idem</strong></span> <span class='ocrx_word' id='word_1_445' title='bbox 2017 1924 2069 1955; x_wconf 89' lang='lat' dir='ltr'><strong>est</strong></span> <span class='ocrx_word' id='word_1_446' title='bbox 2095 1920 2188 1967; x_wconf 89' lang='lat' dir='ltr'><strong>quod</strong></span> 
     </span>
     <span class='ocr_line' id='line_1_32' title="bbox 111 1973 2188 2025; baseline 0 -13"><span class='ocrx_word' id='word_1_447' title='bbox 111 1973 203 2023; x_wconf 83' lang='grc' dir='ltr'><strong><em>μήν;</em></strong></span> <span class='ocrx_word' id='word_1_448' title='bbox 225 1976 268 2012; x_wconf 90' lang='lat' dir='ltr'><strong>de</strong></span> <span class='ocrx_word' id='word_1_449' title='bbox 291 1988 363 2024; x_wconf 92' lang='lat' dir='ltr'><strong>quo</strong></span> <span class='ocrx_word' id='word_1_450' title='bbox 388 1976 578 2025; x_wconf 89' lang='lat' dir='ltr'><strong>particulae</strong></span> <span class='ocrx_word' id='word_1_451' title='bbox 603 1987 671 2012; x_wconf 88' lang='lat' dir='ltr'><strong>usu</strong></span> <span class='ocrx_word' id='word_1_452' title='bbox 695 1976 870 2025; x_wconf 85' lang='lat' dir='ltr'><strong>copiosius</strong></span> <span class='ocrx_word' id='word_1_453' title='bbox 897 1976 1044 2014; x_wconf 90' lang='lat' dir='ltr'><strong>disserui</strong></span> <span class='ocrx_word' id='word_1_454' title='bbox 1066 1977 1100 2012; x_wconf 94' lang='lat' dir='ltr'><strong>in</strong></span> <span class='ocrx_word' id='word_1_455' title='bbox 1126 1977 1384 2023; x_wconf 81' lang='lat' dir='ltr'><strong>Programmate</strong></span> <span class='ocrx_word' id='word_1_456' title='bbox 1410 1976 1586 2025; x_wconf 65' lang='lat' dir='ltr'><strong>Gymnasii</strong></span> <span class='ocrx_word' id='word_1_457' title='bbox 1611 1976 1719 2012; x_wconf 90' lang='lat' dir='ltr'><strong>nostri</strong></span> <span class='ocrx_word' id='word_1_458' title='bbox 1742 1988 1771 2012; x_wconf 90' lang='lat' dir='ltr'><strong>a.</strong></span> <span class='ocrx_word' id='word_1_459' title='bbox 1802 1974 1904 2012; x_wconf 83' lang='lat'><strong>1845.</strong></span> <span class='ocrx_word' id='word_1_460' title='bbox 1928 1988 1959 2024; x_wconf 88' lang='lat' dir='ltr'><strong>p.</strong></span> <span class='ocrx_word' id='word_1_461' title='bbox 1984 1977 2105 2013; x_wconf 79' lang='lat'><strong>3-5.</strong></span> <span class='ocrx_word' id='word_1_462' title='bbox 2138 1978 2188 2014; x_wconf 83' lang='lat' dir='ltr'><strong>Cf.</strong></span> 
     </span>
     <span class='ocr_line' id='line_1_33' title="bbox 111 2034 1395 2085; baseline 0.002 -15"><span class='ocrx_word' id='word_1_463' title='bbox 111 2034 272 2071; x_wconf 89' lang='lat' dir='ltr'><strong>editionis</strong></span> <span class='ocrx_word' id='word_1_464' title='bbox 295 2046 392 2070; x_wconf 89' lang='lat' dir='ltr'><strong>meae</strong></span> <span class='ocrx_word' id='word_1_465' title='bbox 418 2035 565 2071; x_wconf 90' lang='lat' dir='ltr'><strong>indicem</strong></span> <span class='ocrx_word' id='word_1_466' title='bbox 592 2048 624 2084; x_wconf 93' lang='lat' dir='ltr'><strong>p.</strong></span> <span class='ocrx_word' id='word_1_467' title='bbox 647 2036 719 2072; x_wconf 77' lang='lat'><strong>332</strong></span> <span class='ocrx_word' id='word_1_468' title='bbox 741 2043 776 2072; x_wconf 90' lang='lat' dir='ltr'><strong>et</strong></span> <span class='ocrx_word' id='word_1_469' title='bbox 799 2036 995 2085; x_wconf 69' lang='lat' dir='ltr'><strong>Krit&#39;qerum</strong></span> <span class='ocrx_word' id='word_1_470' title='bbox 1019 2035 1062 2072; x_wconf 93' lang='lat' dir='ltr'><strong>ad</strong></span> <span class='ocrx_word' id='word_1_471' title='bbox 1086 2037 1114 2079; x_wconf 91' lang='lat'><strong>1,</strong></span> <span class='ocrx_word' id='word_1_472' title='bbox 1141 2036 1171 2078; x_wconf 86' lang='lat'><strong>7,</strong></span> <span class='ocrx_word' id='word_1_473' title='bbox 1193 2035 1213 2071; x_wconf 89' lang='grc'>6</span> <span class='ocrx_word' id='word_1_474' title='bbox 1237 2035 1291 2072; x_wconf 90' lang='lat' dir='ltr'><strong>ed.</strong></span> <span class='ocrx_word' id='word_1_475' title='bbox 1314 2036 1395 2072; x_wconf 90' lang='lat' dir='ltr'><strong>min.</strong></span> 
     </span>
    </p>

    <p class='ocr_par' dir='ltr' id='par_1_3' title="bbox 110 2093 2188 2366">
     <span class='ocr_line' id='line_1_34' title="bbox 284 2093 2187 2142; baseline 0.002 -14"><span class='ocrx_word' id='word_1_476' title='bbox 284 2093 379 2129; x_wconf 86' lang='lat' dir='ltr'><strong>Haec</strong></span> <span class='ocrx_word' id='word_1_477' title='bbox 405 2094 561 2142; x_wconf 87' lang='lat' dir='ltr'><strong>exempla</strong></span> <span class='ocrx_word' id='word_1_478' title='bbox 587 2106 798 2142; x_wconf 84' lang='lat' dir='ltr'><strong>quamquam</strong></span> <span class='ocrx_word' id='word_1_479' title='bbox 828 2107 847 2131; x_wconf 90' lang='lat' dir='ltr'><strong>e</strong></span> <span class='ocrx_word' id='word_1_480' title='bbox 872 2095 995 2131; x_wconf 89' lang='lat' dir='ltr'><strong>ceteris</strong></span> <span class='ocrx_word' id='word_1_481' title='bbox 1019 2094 1116 2131; x_wconf 89' lang='lat' dir='ltr'><strong>libris</strong></span> <span class='ocrx_word' id='word_1_482' title='bbox 1137 2094 1263 2142; x_wconf 85' lang='lat' dir='ltr'><strong>ingenti</strong></span> <span class='ocrx_word' id='word_1_483' title='bbox 1290 2107 1436 2131; x_wconf 90' lang='lat' dir='ltr'><strong>numero</strong></span> <span class='ocrx_word' id='word_1_484' title='bbox 1465 2105 1590 2141; x_wconf 86' lang='lat' dir='ltr'><strong>augere</strong></span> <span class='ocrx_word' id='word_1_485' title='bbox 1616 2105 1774 2141; x_wconf 90' lang='lat' dir='ltr'><strong>possum,</strong></span> <span class='ocrx_word' id='word_1_486' title='bbox 1813 2097 1926 2129; x_wconf 81' lang='lat' dir='ltr'><strong>tamen</strong></span> <span class='ocrx_word' id='word_1_487' title='bbox 1954 2105 2061 2129; x_wconf 92' lang='lat' dir='ltr'><strong>unum</strong></span> <span class='ocrx_word' id='word_1_488' title='bbox 2090 2106 2187 2141; x_wconf 88' lang='lat' dir='ltr'><strong>prae·</strong></span> 
     </span>
     <span class='ocr_line' id='line_1_35' title="bbox 111 2150 2188 2200; baseline 0.002 -14"><span class='ocrx_word' id='word_1_489' title='bbox 111 2156 204 2186; x_wconf 87' lang='lat' dir='ltr'><strong>terea</strong></span> <span class='ocrx_word' id='word_1_490' title='bbox 229 2162 248 2187; x_wconf 90' lang='lat' dir='ltr'><strong>e</strong></span> <span class='ocrx_word' id='word_1_491' title='bbox 272 2151 425 2187; x_wconf 89' lang='lat' dir='ltr'><strong>secundo</strong></span> <span class='ocrx_word' id='word_1_492' title='bbox 455 2151 543 2188; x_wconf 91' lang='lat' dir='ltr'><strong>libro</strong></span> <span class='ocrx_word' id='word_1_493' title='bbox 569 2152 739 2189; x_wconf 88' lang='lat' dir='ltr'><strong>delibasse</strong></span> <span class='ocrx_word' id='word_1_494' title='bbox 765 2153 849 2189; x_wconf 87' lang='lat' dir='ltr'><strong>satis</strong></span> <span class='ocrx_word' id='word_1_495' title='bbox 878 2153 1024 2190; x_wconf 92' lang='lat' dir='ltr'><strong>habebo.</strong></span> <span class='ocrx_word' id='word_1_496' title='bbox 1075 2154 1125 2196; x_wconf 89' lang='lat' dir='ltr'><strong>ll,</strong></span> <span class='ocrx_word' id='word_1_497' title='bbox 1153 2154 1187 2195; x_wconf 86' lang='lat' dir='ltr'><strong>l,</strong></span> <span class='ocrx_word' id='word_1_498' title='bbox 1211 2152 1233 2188; x_wconf 80' lang='lat'>6</span> <span class='ocrx_word' id='word_1_499' title='bbox 1258 2153 1348 2200; x_wconf 85' lang='lat' dir='ltr'><strong>vulg.</strong></span> <span class='ocrx_word' id='word_1_500' title='bbox 1381 2150 1422 2189; x_wconf 90' lang='grc' dir='ltr'><strong><em>τὸ</em></strong></span> <span class='ocrx_word' id='word_1_501' title='bbox 1448 2150 1652 2199; x_wconf 83' lang='grc' dir='ltr'><strong><em>στράτευμα</em></strong></span> <span class='ocrx_word' id='word_1_502' title='bbox 1679 2150 1861 2198; x_wconf 80' lang='grc' dir='ltr'><strong><em>ἐπορίζετο</em></strong></span> <span class='ocrx_word' id='word_1_503' title='bbox 1890 2154 2002 2186; x_wconf 83' lang='grc' dir='ltr'><strong><em>σῖτον.</em></strong></span> <span class='ocrx_word' id='word_1_504' title='bbox 2055 2153 2128 2189; x_wconf 86' lang='lat' dir='ltr'><strong>HF</strong></span> <span class='ocrx_word' id='word_1_505' title='bbox 2142 2154 2188 2189; x_wconf 87' lang='lat' dir='ltr'><strong>Et</strong></span> 
     </span>
     <span class='ocr_line' id='line_1_36' title="bbox 112 2207 2186 2260; baseline 0.001 -15"><span class='ocrx_word' id='word_1_506' title='bbox 112 2212 216 2245; x_wconf 82' lang='grc' dir='ltr'><strong><em>σῖτον</em></strong></span> <span class='ocrx_word' id='word_1_507' title='bbox 238 2208 318 2246; x_wconf 83' lang='grc' dir='ltr'><strong>καὶ</strong></span> <span class='ocrx_word' id='word_1_508' title='bbox 338 2207 486 2255; x_wconf 85' lang='grc' dir='ltr'><strong><em>ποτόν,</em></strong></span> <span class='ocrx_word' id='word_1_509' title='bbox 512 2222 600 2260; x_wconf 90' lang='lat' dir='ltr'><strong>quae</strong></span> <span class='ocrx_word' id='word_1_510' title='bbox 624 2211 659 2247; x_wconf 92' lang='lat' dir='ltr'><strong>in</strong></span> <span class='ocrx_word' id='word_1_511' title='bbox 683 2211 712 2246; x_wconf 85' lang='lat' dir='ltr'>V</span> <span class='ocrx_word' id='word_1_512' title='bbox 727 2211 758 2247; x_wconf 92' lang='lat' dir='ltr'>Y</span> <span class='ocrx_word' id='word_1_513' title='bbox 781 2211 829 2247; x_wconf 95' lang='lat' dir='ltr'><strong>sic</strong></span> <span class='ocrx_word' id='word_1_514' title='bbox 855 2217 936 2248; x_wconf 92' lang='lat' dir='ltr'><strong>sunt</strong></span> <span class='ocrx_word' id='word_1_515' title='bbox 959 2217 1141 2260; x_wconf 89' lang='lat' dir='ltr'><strong>corrupta:</strong></span> <span class='ocrx_word' id='word_1_516' title='bbox 1166 2214 1266 2248; x_wconf 86' lang='grc' dir='ltr'><strong><em>σῖτον</em></strong></span> <span class='ocrx_word' id='word_1_517' title='bbox 1286 2211 1360 2248; x_wconf 85' lang='grc' dir='ltr'><strong>καὶ</strong></span> <span class='ocrx_word' id='word_1_518' title='bbox 1380 2212 1541 2247; x_wconf 83' lang='grc' dir='ltr'><strong><em>τοῦτον.</em></strong></span> <span class='ocrx_word' id='word_1_519' title='bbox 1576 2210 1631 2246; x_wconf 92' lang='lat' dir='ltr'><strong>Ad</strong></span> <span class='ocrx_word' id='word_1_520' title='bbox 1657 2209 1747 2245; x_wconf 92' lang='lat' dir='ltr'><strong>hunc</strong></span> <span class='ocrx_word' id='word_1_521' title='bbox 1769 2210 1789 2245; x_wconf 92' lang='lat' dir='ltr'><strong>l.</strong></span> <span class='ocrx_word' id='word_1_522' title='bbox 1809 2209 2000 2253; x_wconf 71' lang='lat' dir='ltr'><strong>Kia&#39;hnerus,</strong></span> <span class='ocrx_word' id='word_1_523' title='bbox 2022 2210 2186 2253; x_wconf 87' lang='lat' dir='ltr'><strong>„Utrum-</strong></span> 
     </span>
     <span class='ocr_line' id='line_1_37' title="bbox 111 2266 2188 2320; baseline 0 -15"><span class='ocrx_word' id='word_1_524' title='bbox 111 2274 213 2316; x_wconf 86' lang='lat' dir='ltr'><strong>que“‚</strong></span> <span class='ocrx_word' id='word_1_525' title='bbox 239 2269 362 2318; x_wconf 85' lang='lat' dir='ltr'><strong>inquit,</strong></span> <span class='ocrx_word' id='word_1_526' title='bbox 388 2269 679 2313; x_wconf 86' lang='lat' dir='ltr'><strong>„additamentum</strong></span> <span class='ocrx_word' id='word_1_527' title='bbox 699 2269 777 2318; x_wconf 88' lang='lat' dir='ltr'><strong>jure</strong></span> <span class='ocrx_word' id='word_1_528' title='bbox 803 2270 958 2319; x_wconf 90' lang='lat' dir='ltr'><strong>ineptum</strong></span> <span class='ocrx_word' id='word_1_529' title='bbox 981 2270 1113 2319; x_wconf 84' lang='lat' dir='ltr'><strong>judicat</strong></span> <span class='ocrx_word' id='word_1_530' title='bbox 1130 2270 1335 2320; x_wconf 79' lang='lat' dir='ltr'><strong>Dindorfius,</strong></span> <span class='ocrx_word' id='word_1_531' title='bbox 1360 2270 1418 2318; x_wconf 92' lang='lat' dir='ltr'><strong>qui</strong></span> <span class='ocrx_word' id='word_1_532' title='bbox 1440 2274 1615 2317; x_wconf 88' lang='lat' dir='ltr'><strong>comparat</strong></span> <span class='ocrx_word' id='word_1_533' title='bbox 1630 2268 1690 2311; x_wconf 88' lang='lat' dir='ltr'><strong>IV,</strong></span> <span class='ocrx_word' id='word_1_534' title='bbox 1705 2268 1738 2311; x_wconf 85' lang='lat'><strong>5,</strong></span> <span class='ocrx_word' id='word_1_535' title='bbox 1754 2266 1786 2310; x_wconf 79' lang='lat'><strong>8,</strong></span> <span class='ocrx_word' id='word_1_536' title='bbox 1810 2267 1869 2304; x_wconf 90' lang='lat' dir='ltr'><strong>ubi</strong></span> <span class='ocrx_word' id='word_1_537' title='bbox 1895 2268 1998 2304; x_wconf 89' lang='lat' dir='ltr'><strong>etiam</strong></span> <span class='ocrx_word' id='word_1_538' title='bbox 2023 2266 2046 2315; x_wconf 87' lang='grc' dir='ltr'><em>ἢ</em></span> <span class='ocrx_word' id='word_1_539' title='bbox 2072 2269 2188 2306; x_wconf 81' lang='grc' dir='ltr'><strong><em>ποτόν</em></strong></span> 
     </span>
     <span class='ocr_line' id='line_1_38' title="bbox 110 2327 375 2366; baseline 0.011 -3"><span class='ocrx_word' id='word_1_540' title='bbox 110 2327 266 2366; x_wconf 86' lang='lat' dir='ltr'><strong>additum</strong></span> <span class='ocrx_word' id='word_1_541' title='bbox 292 2334 375 2366; x_wconf 88' lang='lat' dir='ltr'><strong>est.“</strong></span> 
     </span>
    </p>

    <p class='ocr_par' dir='ltr' id='par_1_4' title="bbox 110 2385 2189 2670">
     <span class='ocr_line' id='line_1_39' title="bbox 284 2385 2181 2438; baseline 0.001 -13"><span class='ocrx_word' id='word_1_542' title='bbox 284 2388 538 2425; x_wconf 85' lang='lat' dir='ltr'><strong>Additamentis</strong></span> <span class='ocrx_word' id='word_1_543' title='bbox 569 2388 761 2425; x_wconf 87' lang='lat' dir='ltr'><strong>contrariae</strong></span> <span class='ocrx_word' id='word_1_544' title='bbox 790 2393 871 2425; x_wconf 83' lang='lat' dir='ltr'><strong>sunt</strong></span> <span class='ocrx_word' id='word_1_545' title='bbox 898 2389 1050 2426; x_wconf 89' lang='lat' dir='ltr'><strong>lacunae.</strong></span> <span class='ocrx_word' id='word_1_546' title='bbox 1100 2390 1146 2426; x_wconf 89' lang='lat' dir='ltr'><strong>Et</strong></span> <span class='ocrx_word' id='word_1_547' title='bbox 1182 2388 1232 2425; x_wconf 92' lang='lat' dir='ltr'><strong>his</strong></span> <span class='ocrx_word' id='word_1_548' title='bbox 1264 2388 1402 2438; x_wconf 88' lang='lat' dir='ltr'><strong>quidem</strong></span> <span class='ocrx_word' id='word_1_549' title='bbox 1432 2386 1590 2423; x_wconf 86' lang='lat' dir='ltr'><strong>meliores</strong></span> <span class='ocrx_word' id='word_1_550' title='bbox 1622 2385 1698 2422; x_wconf 90' lang='lat' dir='ltr'><strong>libri</strong></span> <span class='ocrx_word' id='word_1_551' title='bbox 1734 2385 1984 2434; x_wconf 87' lang='lat' dir='ltr'><strong>propemodum</strong></span> <span class='ocrx_word' id='word_1_552' title='bbox 2022 2386 2181 2425; x_wconf 82' lang='lat' dir='ltr'><strong>affluunt.</strong></span> 
     </span>
     <span class='ocr_line' id='line_1_40' title="bbox 110 2443 2181 2497; baseline 0 -15"><span class='ocrx_word' id='word_1_553' title='bbox 110 2447 152 2483; x_wconf 84' lang='lat' dir='ltr'><strong>V.</strong></span> <span class='ocrx_word' id='word_1_554' title='bbox 173 2447 369 2497; x_wconf 63' lang='lat' dir='ltr'><strong>Myer-um</strong></span> <span class='ocrx_word' id='word_1_555' title='bbox 389 2448 431 2484; x_wconf 88' lang='lat' dir='ltr'><strong>ad</strong></span> <span class='ocrx_word' id='word_1_556' title='bbox 459 2448 519 2491; x_wconf 76' lang='lat' dir='ltr'><strong>Vl,</strong></span> <span class='ocrx_word' id='word_1_557' title='bbox 547 2449 576 2490; x_wconf 93' lang='lat' dir='ltr'><strong>l,</strong></span> <span class='ocrx_word' id='word_1_558' title='bbox 605 2448 619 2483; x_wconf 85' lang='lat'>1</span> <span class='ocrx_word' id='word_1_559' title='bbox 648 2446 701 2482; x_wconf 86' lang='lat' dir='ltr'><strong>ed.</strong></span> <span class='ocrx_word' id='word_1_560' title='bbox 729 2447 818 2495; x_wconf 69' lang='lat' dir='ltr'><strong>maj„</strong></span> <span class='ocrx_word' id='word_1_561' title='bbox 839 2447 881 2483; x_wconf 88' lang='lat' dir='ltr'><strong>ad</strong></span> <span class='ocrx_word' id='word_1_562' title='bbox 908 2449 968 2490; x_wconf 88' lang='lat' dir='ltr'><strong>IV,</strong></span> <span class='ocrx_word' id='word_1_563' title='bbox 989 2448 1023 2490; x_wconf 79' lang='lat'><strong>2,</strong></span> <span class='ocrx_word' id='word_1_564' title='bbox 1048 2448 1069 2484; x_wconf 86' lang='lat'><strong>3</strong></span> <span class='ocrx_word' id='word_1_565' title='bbox 1093 2448 1145 2484; x_wconf 91' lang='lat' dir='ltr'><strong>ed.</strong></span> <span class='ocrx_word' id='word_1_566' title='bbox 1168 2447 1246 2484; x_wconf 91' lang='lat' dir='ltr'><strong>min.</strong></span> <span class='ocrx_word' id='word_1_567' title='bbox 1270 2453 1304 2483; x_wconf 87' lang='lat' dir='ltr'><strong>et</strong></span> <span class='ocrx_word' id='word_1_568' title='bbox 1327 2447 1424 2494; x_wconf 89' lang='lat' dir='ltr'><strong>impr.</strong></span> <span class='ocrx_word' id='word_1_569' title='bbox 1452 2446 1485 2480; x_wconf 90' lang='lat' dir='ltr'><strong>in</strong></span> <span class='ocrx_word' id='word_1_570' title='bbox 1510 2444 1608 2481; x_wconf 92' lang='lat' dir='ltr'><strong>Stud.</strong></span> <span class='ocrx_word' id='word_1_571' title='bbox 1632 2443 1909 2492; x_wconf 89' lang='lat' dir='ltr'><strong>historico-phil.</strong></span> <span class='ocrx_word' id='word_1_572' title='bbox 1934 2445 1981 2488; x_wconf 91' lang='lat'><strong>11,</strong></span> <span class='ocrx_word' id='word_1_573' title='bbox 2000 2457 2033 2493; x_wconf 88' lang='lat' dir='ltr'><strong>p.</strong></span> <span class='ocrx_word' id='word_1_574' title='bbox 2059 2447 2181 2483; x_wconf 71' lang='lat'>112-</span> 
     </span>
     <span class='ocr_line' id='line_1_41' title="bbox 114 2499 2185 2555; baseline 0 -13"><span class='ocrx_word' id='word_1_575' title='bbox 114 2506 193 2542; x_wconf 76' lang='grc'><strong>114.</strong></span> <span class='ocrx_word' id='word_1_576' title='bbox 245 2508 283 2543; x_wconf 91' lang='lat' dir='ltr'><strong>ln</strong></span> <span class='ocrx_word' id='word_1_577' title='bbox 311 2507 423 2555; x_wconf 88' lang='lat' dir='ltr'><strong>primo</strong></span> <span class='ocrx_word' id='word_1_578' title='bbox 450 2506 537 2543; x_wconf 92' lang='lat' dir='ltr'><strong>libro</strong></span> <span class='ocrx_word' id='word_1_579' title='bbox 560 2505 629 2542; x_wconf 81' lang='lat' dir='ltr'><strong>sere</strong></span> <span class='ocrx_word' id='word_1_580' title='bbox 654 2505 719 2541; x_wconf 86' lang='lat' dir='ltr'><strong>hae</strong></span> <span class='ocrx_word' id='word_1_581' title='bbox 742 2511 824 2542; x_wconf 93' lang='lat' dir='ltr'><strong>sunt</strong></span> <span class='ocrx_word' id='word_1_582' title='bbox 849 2511 964 2542; x_wconf 87' lang='lat' dir='ltr'><strong>certae</strong></span> <span class='ocrx_word' id='word_1_583' title='bbox 988 2506 1065 2543; x_wconf 90' lang='lat' dir='ltr'><strong>illae</strong></span> <span class='ocrx_word' id='word_1_584' title='bbox 1090 2506 1224 2555; x_wconf 88' lang='lat' dir='ltr'><strong>quidem</strong></span> <span class='ocrx_word' id='word_1_585' title='bbox 1248 2505 1343 2553; x_wconf 90' lang='lat' dir='ltr'><strong>atqui</strong></span> <span class='ocrx_word' id='word_1_586' title='bbox 1371 2503 1594 2540; x_wconf 86' lang='lat' dir='ltr'><strong>indubitatae.</strong></span> <span class='ocrx_word' id='word_1_587' title='bbox 1646 2503 1676 2544; x_wconf 94' lang='grc' dir='ltr'><strong>Ι,</strong></span> <span class='ocrx_word' id='word_1_588' title='bbox 1701 2502 1740 2545; x_wconf 91' lang='grc'><strong>3,</strong></span> <span class='ocrx_word' id='word_1_589' title='bbox 1764 2503 1784 2538; x_wconf 81' lang='grc'>7</span> <span class='ocrx_word' id='word_1_590' title='bbox 1818 2499 1863 2538; x_wconf 79' lang='grc' dir='ltr'><strong>οὐ</strong></span> <span class='ocrx_word' id='word_1_591' title='bbox 1889 2508 1969 2539; x_wconf 88' lang='lat' dir='ltr'><strong>ante</strong></span> <span class='ocrx_word' id='word_1_592' title='bbox 1997 2505 2092 2552; x_wconf 85' lang='grc' dir='ltr'><strong><em>φαίη</em></strong></span> <span class='ocrx_word' id='word_1_593' title='bbox 2117 2519 2185 2542; x_wconf 92' lang='lat' dir='ltr'><strong>om.</strong></span> 
     </span>
     <span class='ocr_line' id='line_1_42' title="bbox 110 2558 2189 2610; baseline 0.001 -10"><span class='ocrx_word' id='word_1_594' title='bbox 110 2564 284 2602; x_wconf 87' lang='lat' dir='ltr'><strong>HFED.</strong></span> <span class='ocrx_word' id='word_1_595' title='bbox 311 2588 358 2594; x_wconf 84' lang='lat'><strong>—</strong></span> <span class='ocrx_word' id='word_1_596' title='bbox 382 2567 410 2610; x_wconf 91' lang='lat'><strong>1,</strong></span> <span class='ocrx_word' id='word_1_597' title='bbox 433 2566 467 2610; x_wconf 88' lang='grc'><strong>3,</strong></span> <span class='ocrx_word' id='word_1_598' title='bbox 494 2566 531 2602; x_wconf 83' lang='lat' dir='ltr'><strong>ll</strong></span> <span class='ocrx_word' id='word_1_599' title='bbox 560 2564 593 2601; x_wconf 91' lang='lat' dir='ltr'><strong>in</strong></span> <span class='ocrx_word' id='word_1_600' title='bbox 619 2564 651 2601; x_wconf 83' lang='lat' dir='ltr'>H</span> <span class='ocrx_word' id='word_1_601' title='bbox 677 2563 838 2601; x_wconf 87' lang='lat' dir='ltr'><strong>undecim</strong></span> <span class='ocrx_word' id='word_1_602' title='bbox 863 2564 1091 2602; x_wconf 87' lang='lat' dir='ltr'><strong>duodecimve</strong></span> <span class='ocrx_word' id='word_1_603' title='bbox 1115 2565 1213 2601; x_wconf 86' lang='lat' dir='ltr'><strong>verba</strong></span> <span class='ocrx_word' id='word_1_604' title='bbox 1240 2564 1373 2601; x_wconf 88' lang='lat' dir='ltr'><strong>desunt.</strong></span> <span class='ocrx_word' id='word_1_605' title='bbox 1396 2583 1441 2588; x_wconf 91' lang='lat'><strong>—-</strong></span> <span class='ocrx_word' id='word_1_606' title='bbox 1465 2562 1498 2605; x_wconf 90' lang='lat' dir='ltr'><strong>l,</strong></span> <span class='ocrx_word' id='word_1_607' title='bbox 1525 2561 1562 2605; x_wconf 83' lang='lat'><strong>3,</strong></span> <span class='ocrx_word' id='word_1_608' title='bbox 1593 2562 1636 2597; x_wconf 84' lang='lat'><strong>14</strong></span> <span class='ocrx_word' id='word_1_609' title='bbox 1662 2561 1824 2597; x_wconf 89' lang='lat' dir='ltr'>HFED</span> <span class='ocrx_word' id='word_1_610' title='bbox 1848 2573 1916 2597; x_wconf 89' lang='lat' dir='ltr'><strong>om.</strong></span> <span class='ocrx_word' id='word_1_611' title='bbox 1946 2558 1995 2605; x_wconf 77' lang='grc' dir='ltr'><strong>ὥς</strong></span> <span class='ocrx_word' id='word_1_612' title='bbox 2021 2569 2102 2601; x_wconf 89' lang='lat' dir='ltr'><strong>ante</strong></span> <span class='ocrx_word' id='word_1_613' title='bbox 2126 2564 2189 2602; x_wconf 83' lang='grc' dir='ltr'><strong><em>διὰ</em></strong></span> 
     </span>
     <span class='ocr_line' id='line_1_43' title="bbox 111 2614 2184 2670; baseline 0 -11"><span class='ocrx_word' id='word_1_614' title='bbox 111 2625 257 2669; x_wconf 81' lang='grc' dir='ltr'><strong><em>φιλίας,</em></strong></span> <span class='ocrx_word' id='word_1_615' title='bbox 280 2624 321 2661; x_wconf 81' lang='lat' dir='ltr'><strong>cf.</strong></span> <span class='ocrx_word' id='word_1_616' title='bbox 344 2626 410 2668; x_wconf 83' lang='lat' dir='ltr'><strong>lv,</strong></span> <span class='ocrx_word' id='word_1_617' title='bbox 436 2626 471 2667; x_wconf 89' lang='lat' dir='ltr'><strong>l,</strong></span> <span class='ocrx_word' id='word_1_618' title='bbox 496 2624 528 2660; x_wconf 82' lang='lat'><strong>8.</strong></span> <span class='ocrx_word' id='word_1_619' title='bbox 559 2645 602 2651; x_wconf 89' lang='lat'>—</span> <span class='ocrx_word' id='word_1_620' title='bbox 636 2624 667 2664; x_wconf 84' lang='lat' dir='ltr'><strong>l,</strong></span> <span class='ocrx_word' id='word_1_621' title='bbox 688 2623 727 2664; x_wconf 84' lang='lat'><strong>3,</strong></span> <span class='ocrx_word' id='word_1_622' title='bbox 754 2623 798 2659; x_wconf 87' lang='grc'><strong>19</strong></span> <span class='ocrx_word' id='word_1_623' title='bbox 823 2624 1000 2660; x_wconf 81' lang='lat' dir='ltr'><strong>HFEEt</strong></span> <span class='ocrx_word' id='word_1_624' title='bbox 1025 2637 1093 2660; x_wconf 89' lang='lat' dir='ltr'><strong>om.</strong></span> <span class='ocrx_word' id='word_1_625' title='bbox 1120 2621 1167 2659; x_wconf 77' lang='grc' dir='ltr'><strong>ἄν</strong></span> <span class='ocrx_word' id='word_1_626' title='bbox 1194 2628 1269 2669; x_wconf 88' lang='lat' dir='ltr'><strong>post</strong></span> <span class='ocrx_word' id='word_1_627' title='bbox 1294 2620 1472 2666; x_wconf 80' lang='grc' dir='ltr'><strong><em>ἑπόμενοι..</em></strong></span> <span class='ocrx_word' id='word_1_628' title='bbox 1510 2642 1550 2647; x_wconf 91' lang='grc'>-</span> <span class='ocrx_word' id='word_1_629' title='bbox 1592 2620 1623 2661; x_wconf 80' lang='grc'><strong>1,</strong></span> <span class='ocrx_word' id='word_1_630' title='bbox 1644 2621 1687 2661; x_wconf 89' lang='grc'><strong>4,</strong></span> <span class='ocrx_word' id='word_1_631' title='bbox 1712 2621 1734 2655; x_wconf 82' lang='grc'>5</span> <span class='ocrx_word' id='word_1_632' title='bbox 1762 2614 1831 2656; x_wconf 80' lang='grc' dir='ltr'><strong>οὖν</strong></span> <span class='ocrx_word' id='word_1_633' title='bbox 1856 2626 1935 2667; x_wconf 88' lang='lat' dir='ltr'><strong>post</strong></span> <span class='ocrx_word' id='word_1_634' title='bbox 1959 2620 2093 2670; x_wconf 86' lang='grc' dir='ltr'><strong><em>ταύτης</em></strong></span> <span class='ocrx_word' id='word_1_635' title='bbox 2118 2637 2184 2661; x_wconf 90' lang='lat' dir='ltr'><strong>om.</strong></span> 
     </span>
    </p>
   </div>
   <div class='ocr_carea' id='block_1_3' title="bbox 288 2752 1251 2788">
    <p class='ocr_par' dir='ltr' id='par_1_5' title="bbox 288 2752 1251 2788">
     <span class='ocr_line' id='line_1_44' title="bbox 288 2752 1251 2788; baseline -0.004 -6"><span class='ocrx_word' id='word_1_636' title='bbox 288 2754 339 2786; x_wconf 75' lang='lat'><strong>¹⁹)</strong></span> <span class='ocrx_word' id='word_1_637' title='bbox 360 2755 448 2782; x_wconf 73' lang='lat' dir='ltr'><strong>Hanc</strong></span> <span class='ocrx_word' id='word_1_638' title='bbox 471 2754 648 2788; x_wconf 79' lang='lat' dir='ltr'><strong>scripturae</strong></span> <span class='ocrx_word' id='word_1_639' title='bbox 666 2752 909 2787; x_wconf 82' lang='lat' dir='ltr'><strong>discrepantiam</strong></span> <span class='ocrx_word' id='word_1_640' title='bbox 936 2754 1076 2788; x_wconf 79' lang='lat' dir='ltr'><strong>neglexit</strong></span> <span class='ocrx_word' id='word_1_641' title='bbox 1101 2752 1251 2779; x_wconf 75' lang='grc' dir='ltr'><strong><em>ΙιῡΙυιενω</em></strong></span> 
     </span>
    </p>
   </div>
  </div>
 </body>
</html>
