2549 3279
1313 98 1336 133 2

269 205 302 243 H
323 207 370 256 ³),
408 204 621 255 quibuscum
645 204 823 243 EtVSY
850 203 1051 254 saepissime
1077 203 1317 249 consentiunt,
1344 204 1488 255 reliquis
1513 205 1611 244 libris
1638 217 1743 244 manu
1769 205 1905 256 scriptis
1931 205 2047 256 aliqua
2075 209 2169 243 certe
2199 217 2240 243 ex
2272 209 2371 254 pane

269 265 539 314 praestantiores
564 278 650 301 esse.
701 266 756 301 De
783 264 837 300 his
868 265 974 311 igitur
1002 264 1091 299 inter
1123 277 1188 300 nos
1219 265 1404 300 convenire
1438 270 1535 313 puto.
1586 269 1636 302 At
1660 266 1751 303 enim
1785 271 1925 302 manent
1949 266 2119 315 quaedam
2149 265 2304 313 graviora
2329 276 2369 300 ac

270 323 471 369 subtiliora,
511 324 641 374 quibus
667 335 791 361 vereor
819 336 862 360 ne
887 322 991 359 animi
1015 321 1125 358 nostri
1151 321 1331 371 paululum
1355 323 1597 361 dissocientur.
1649 325 1771 372 Quum
1802 325 1894 363 enim
1915 325 1985 375 jam
2011 324 2054 362 de
2081 323 2165 374 ipsis
2191 323 2258 360 illis
2281 322 2371 360 vitiis

269 389 304 421 et
329 395 394 420 nos
423 383 593 421 dissidere
616 384 762 421 sentiam
790 387 824 419 et
848 394 969 419 omnes
994 382 1165 429 reliquos,
1205 381 1265 430 qui
1294 382 1329 418 in
1355 384 1510 420 Anabasi
1536 384 1793 433 interpretanda
1815 390 2011 429 versantur,
2048 395 2255 433 magnopere
2282 383 2372 419 inter

268 454 306 480 se
329 441 529 492 discrepare
554 442 705 487 videam,
748 441 823 479 aliis
849 440 915 478 alia
940 443 1103 488 corrupta
1129 439 1352 489 putantibus,
1389 445 1463 479 tum
1490 442 1575 481 illud
1600 443 1749 481 maxime
1778 443 1984 492 ambigitur,
2021 447 2139 481 utrum
2168 441 2371 481 melioribus

269 501 344 537 istis
371 501 553 538 codicibus
580 506 716 537 tantum
741 501 786 536 sit
810 498 1027 534 auctoritatis
1052 510 1093 533 ac
1115 499 1294 546 ponderis,
1315 505 1356 535 ut
1381 501 1533 548 vulgaris
1556 501 1743 549 scriptura,
1765 502 1846 538 licet
1871 513 1932 550 per
1955 513 1992 538 se
2013 503 2105 538 bona
2133 514 2172 538 ac
2199 512 2301 543 sana,
2319 506 2370 542 ta-

269 573 351 598 men
373 561 506 611 ubique
529 573 571 598 ex
598 560 664 598 illis
686 557 889 607 corrigenda
915 569 990 594 esse
1012 556 1183 595 videatur.

446 620 559 663 Nosti,
584 620 646 655 Vir
670 618 891 661 amicissime,
913 618 1137 666 Dindorfium
1158 617 1296 665 quidem
1324 618 1412 655 hanc
1433 620 1543 668 ipsam
1570 621 1636 656 illis
1665 621 1760 656 libris
1781 621 2022 656 auctoritatem
2045 633 2085 656 ac
2107 621 2174 657 vim
2197 620 2371 663 tribuisse,

270 686 311 717 ut
335 680 574 728 quodcunque
601 678 648 715 illi
673 678 840 714 offerrent
865 690 935 713 non
961 689 1106 725 prorsus
1134 677 1288 725 ineptum
1316 683 1423 727 atque
1450 679 1618 716 insulsum
1646 678 1777 727 vulgari
1803 678 1974 726 scriptura
2005 680 2147 728 expulsa
2184 683 2371 716 revocaret.

270 739 371 776 Nosti
394 739 689 780 Bornemannum,
713 736 899 785 Dindorfio
921 736 1026 785 paulo
1047 735 1328 784 prudentiorem,
1354 737 1531 774 nonnullis
1558 742 1651 774 certe
1676 737 1711 773 in
1735 736 1819 774 locis
1842 737 2105 774 allucinationes
2127 743 2162 775 et
2183 737 2369 775 correctio-

270 810 353 842 nes,
389 797 517 846 quibus
547 796 623 833 libri
652 795 812 832 meliores
834 794 1000 838 affluunt,
1039 795 1230 843 respuisse,
1265 794 1322 831 sed
1351 795 1384 831 in
1412 796 1610 833 universum
1637 801 1752 833 tamen
1780 796 1924 832 eandem
1952 808 1992 833 ac
2016 797 2235 846 Dindorfium
2264 797 2370 833 ratio-

271 869 350 893 nem
376 862 534 893 secutum
559 867 644 891 esse.
697 856 795 892 Nosti
821 854 922 890 ctiam
950 854 1288 901 circumspectiorem
1317 854 1422 891 fuisse
1448 856 1662 904 Popponem,
1697 855 1826 904 quippe
1851 867 1955 902 quem
1983 855 2146 891 subtilior
2171 863 2205 892 et
2230 867 2369 891 accura-

270 914 340 951 tior
372 927 480 964 quum
510 913 635 951 Graeci
666 913 855 957 sermonis,
890 918 965 949 tum
998 912 1170 949 orationis
1204 912 1479 961 Xenophonteae
1510 913 1652 950 scientia
1682 926 1753 950 non
1791 913 1907 950 siverit
1943 913 2135 962 quidquam
2170 914 2370 956 adsciscere,

275 974 369 1021 quod
402 986 421 1010 a
451 974 702 1021 Xenophontis
735 972 989 1009 consuetudine
1019 973 1069 1008 vel
1102 972 1246 1008 omnino
1275 984 1294 1006 a
1324 972 1461 1019 linguae
1492 978 1616 1009 natura
1640 985 1679 1009 ac
1706 973 1839 1020 legibus
1865 972 2120 1020 aliquantulum
2148 973 2370 1014 abhorreret;

274 1032 334 1069 sed
359 1036 476 1069 tamen
505 1031 619 1081 ipsum
643 1043 786 1080 quoque
810 1043 892 1080 prae
924 1030 1018 1067 libris
1045 1030 1119 1066 istis
1147 1029 1364 1074 melioribus,
1404 1030 1604 1079 praesertim
1632 1043 1740 1080 quum
1768 1030 1883 1080 plures
1909 1030 2161 1079 conspirarent,
2196 1030 2370 1079 vulgatam

271 1092 481 1140 plerumque
513 1092 719 1140 scripturam
751 1091 874 1127 ceteris
906 1091 1047 1138 paribus
1084 1090 1262 1138 sprevisse.
1312 1090 1411 1127 Nosti
1437 1091 1600 1140 Poppone
1630 1103 1751 1127 rursus
1779 1090 1893 1126 minus
1918 1090 2106 1127 cautiorem
2135 1090 2243 1127 fuisse
2270 1091 2369 1127 Hert-

270 1152 415 1194 lenium,
443 1151 502 1200 qui
529 1150 687 1199 quamvis
713 1149 807 1186 libris
836 1149 1040 1185 melioribus
1067 1162 1137 1184 non
1164 1154 1294 1185 tantum
1322 1149 1501 1193 tribuerit,
1531 1154 1571 1185 ut
1594 1150 1769 1197 vulgarem
1798 1149 2003 1198 scripturam
2030 1161 2112 1197 prae
2136 1149 2202 1185 illis
2232 1148 2370 1198 penitus

272 1209 489 1276 repudiaret,
526 1214 642 1246 tamen
670 1209 705 1245 in
732 1212 831 1245 textu
860 1219 965 1256 quem
995 1212 1122 1244 vocant
1148 1207 1392 1244 constituendo
1418 1208 1461 1244 ad
1488 1208 1709 1257 Dandorfium
1739 1207 1955 1256 potissimum
1992 1220 2028 1244 se
2059 1208 2281 1257 applicaverit
2307 1220 2371 1245 nec

272 1269 339 1306 nisi
360 1281 502 1317 perraro
529 1281 594 1305 suo
617 1267 751 1316 judicio
776 1273 883 1315 atque
907 1266 1053 1303 consilio
1076 1279 1159 1302 usus
1185 1267 1237 1303 sit.
1287 1266 1409 1314 Neque
1436 1271 1470 1303 te
1503 1266 1612 1314 fugiat
1638 1279 1807 1315 nuperum
1837 1267 2039 1304 Anabaseos
2064 1268 2285 1315 interpretem
2319 1267 2369 1304 bi-

272 1327 442 1376 linguem,
477 1326 693 1377 Raphaelum
724 1326 946 1369 Kic'knerum,
985 1325 1097 1361 virum
1131 1325 1331 1373 ceteroquin
1365 1324 1537 1374 exquisita
1570 1325 1729 1362 doctrina
1761 1325 1949 1374 subtilique
1979 1324 2111 1374 judicio
2138 1325 2371 1369 excellentem,

273 1387 455 1433 Dindorfio
482 1398 521 1421 ac
544 1387 790 1421 Bornemanno
820 1385 923 1431 longe
953 1384 1126 1431 superatis
1155 1396 1196 1419 eo
1226 1385 1357 1419 venisse
1385 1385 1514 1420 effusae
1547 1384 1731 1419 meliorum
1760 1385 1908 1420 istorum
1935 1385 2093 1420 codicum
2121 1385 2370 1427 admirationis,

272 1448 311 1481 ut
334 1443 507 1492 vulgatam
535 1443 743 1493 scripturam
771 1454 854 1492 prae
875 1442 940 1479 illis
966 1454 1111 1492 prorsus
1135 1455 1206 1479 non
1231 1441 1325 1479 llocci
1349 1441 1478 1479 faceret
1500 1447 1550 1487 et,
1576 1442 1603 1479 si
1628 1455 1647 1479 a
1673 1442 1883 1491 turpissimis
1908 1442 2042 1480 mendis
2066 1447 2171 1492 atque
2196 1443 2371 1480 erroribus

272 1502 481 1544 discesseris,
506 1503 678 1551 quidquid
705 1502 753 1538 illi
774 1503 950 1544 offerrent,
975 1501 1111 1536 etiamsi
1141 1501 1204 1548 ipsi
1224 1501 1334 1536 minus
1358 1502 1622 1548 approbaretur,
1647 1507 1781 1545 tamen,
1806 1503 1972 1550 quoniam
1997 1502 2045 1538 illi
2070 1502 2297 1550 praebebant,
2318 1502 2369 1538 lu-

271 1561 366 1598 benti
390 1566 626 1610 promptoque
649 1561 768 1597 animo
790 1559 1058 1608 amplexaretur.
1098 1559 1165 1596 Sed
1191 1571 1300 1607 neque
1325 1559 1409 1595 illud
1431 1559 1580 1607 ignores,
1604 1560 1704 1596 aliam
1727 1565 1833 1609 atque
1858 1561 1922 1598 hos
1947 1573 2036 1610 quos
2060 1560 2165 1597 modo
2184 1561 2370 1597 memoravi

272 1621 365 1657 viros
391 1620 613 1657 doctissimos
639 1620 728 1657 viam
755 1620 951 1668 ingressum
977 1630 1053 1655 csse
1077 1619 1234 1655 carolum
1259 1618 1462 1655 Guilelmum
1481 1618 1687 1667 Kric‘qerum,
1711 1619 1822 1656 virum
1851 1632 2008 1656 summae
2035 1620 2070 1656 in
2097 1619 2202 1656 literis
2229 1620 2371 1658 Graecis

273 1680 507 1722 auctoritatis;
550 1680 609 1729 qui
639 1692 748 1728 quum
783 1679 1013 1716 intellexisset
1039 1678 1143 1714 etiam
1171 1677 1318 1726 optimos
1343 1678 1450 1715 libros
1478 1690 1583 1715 manu
1614 1678 1763 1727 scriptos
1796 1691 2047 1729 saepenumero
2081 1691 2244 1728 perquam
2278 1680 2371 1718 salla-

273 1752 330 1775 ces
362 1751 454 1782 esse,
486 1739 663 1787 vulgarem
688 1738 895 1787 scripturam
922 1750 993 1773 non
1020 1742 1151 1773 temere
1174 1737 1300 1785 ubique
1330 1737 1514 1786 abjecerit,
1551 1737 1610 1773 sed
1634 1737 1675 1773 iis
1698 1738 1942 1775 tantummodo
1970 1738 2055 1775 locis
2082 1739 2282 1775 mutandam
2308 1740 2370 1776 du-

275 1798 379 1842 xerit,
404 1798 533 1847 quibus
559 1802 621 1835 aut
645 1797 841 1835 sententiae
866 1797 956 1834 ratio
978 1802 1040 1833 aut
1060 1796 1198 1844 linguae
1222 1795 1373 1833 Graecae
1394 1796 1613 1833 consuetudo
1639 1797 1793 1845 flagitare
1817 1797 2001 1834 videretur.

448 1857 526 1893 Jam
552 1861 593 1892 tu
618 1856 744 1892 horum
770 1855 953 1892 hominum
981 1855 1165 1891 doctorum
1194 1866 1270 1891 cum
1298 1854 1358 1899 iis,
1397 1855 1431 1891 ni
1461 1854 1575 1898 fallor,
1612 1855 1711 1898 facis,
1750 1855 1809 1903 qui
1838 1856 1996 1904 vulgatae
2025 1856 2215 1905 scripturae
2242 1857 2369 1894 nullam

275 1928 356 1963 prae
381 1916 586 1951 melioribus
612 1914 685 1950 istis
710 1915 889 1950 codicibus
916 1914 1160 1950 auctoritatem
1188 1926 1261 1949 esse
1283 1920 1443 1953 censent;
1485 1926 1550 1960 ego
1577 1926 1658 1950 vero
1686 1915 1842 1961 Krizqeri
1862 1915 2004 2032 νθ5ῑίῗὶ3
2028 1921 2229 1962 persecutus
2254 1916 2370 1963 vulga·
2407 1953 2410 1962 ,

275 1979 345 2010 tam
379 1972 606 2022 scripturam,
645 1972 748 2008 etiam
784 1983 846 2021 per
877 1984 913 2007 se
940 1971 1066 2007 salvam
1094 1984 1133 2007 ac
1164 1984 1297 2016 sanam,
1338 1971 1541 2020 ubicunque
1569 1971 1708 2008 codices
1734 1972 1788 2008 isti
1820 1972 1972 2009 meliors
1997 1972 2097 2009 aliam
2125 1972 2369 2023 aliquampiam
2399 2009 2400 2012 ,
2425 1987 2439 2004 ‘2

273 2033 483 2080 scripturam
518 2044 588 2067 non
623 2043 767 2079 prorsus
800 2031 933 2066 sutilem
962 2032 1125 2073 offerant,
1166 2033 1328 2067 continuo
1358 2031 1583 2066 deserendam
1618 2043 1693 2067 csse
1727 2044 1816 2078 nego
1842 2044 1881 2067 ac
1908 2044 2067 2079 pernego.
2120 2033 2203 2076 Quo
2229 2033 2369 2080 quidem

270 2091 402 2141 judicio
428 2103 484 2127 me
511 2096 644 2127 temere
672 2102 712 2127 ac
738 2102 840 2126 caeca
869 2089 1019 2138 quadam
1047 2089 1188 2126 libidine
1213 2103 1323 2139 neque
1350 2090 1433 2126 olim
1461 2089 1597 2126 stetisse
1626 2102 1740 2139 neque
1764 2103 1856 2127 nunc
1881 2095 1972 2127 stare
1997 2089 2094 2127 facile
2118 2090 2181 2128 tibi
2209 2096 2371 2141 patescet,

274 2152 301 2187 si
324 2151 484 2187 codicum
508 2150 657 2185 istorum
684 2149 978 2197 praestantiorum
1006 2154 1165 2185 naturam
1189 2162 1227 2184 ac
1251 2149 1451 2196 dignitatem
1476 2149 1673 2185 accuratius
1700 2162 1835 2186 mecum
1862 2150 2120 2186 examinaveris.

449 2212 500 2245 Ac
532 2209 683 2257 primum
717 2208 860 2257 quidem
895 2208 976 2244 talia
1003 2208 1159 2256 exempla
1192 2208 1226 2244 in
1253 2209 1454 2256 adspectum
1489 2208 1675 2256 lucemque
1702 2208 1888 2256 proferam,
1926 2209 1985 2246 ubi
2013 2222 2103 2258 quae
2127 2209 2287 2246 meliores
2315 2209 2369 2246 isti

272 2268 350 2305 libri
379 2272 556 2317 praestant
581 2279 725 2317 prorsus
748 2272 830 2304 sunt
854 2266 1033 2303 horribilia
1059 2278 1099 2302 ac
1123 2279 1233 2315 paene
1260 2271 1490 2303 monstruosa.
1543 2267 1577 2309 I,
1607 2267 1636 2309 l,
1660 2267 1681 2302 9
1708 2267 1740 2302 H
1764 2263 2045 2315 Ἑλλησπόντιαι
2070 2266 2130 2303 καὶ
2158 2265 2283 2310 πόλεις
2306 2280 2369 2317 pro

268 2326 576 2376 Ἑλλησποντικαὶ
602 2325 736 2370 πόλεις.
764 2350 810 2354 —
840 2327 874 2370 I,
900 2327 939 2369 2,
967 2327 990 2363 5
1015 2327 1197 2364 FV12Y
1223 2325 1341 2363 ἔπειτα
1370 2338 1432 2374 pro
1467 2323 1575 2371 ἑπτά,
1612 2326 1705 2374 quod
1731 2333 1851 2365 notare
1878 2328 2028 2376 neglexit
2050 2327 2244 2364 Kilhnerus.
2273 2350 2316 2355 —
2344 2330 2370 2372 1,

273 2388 307 2432 2,
333 2388 377 2423 10
402 2388 481 2424 HD
497 2387 547 2424 S2
573 2386 799 2435 στελεγγίδες
824 2397 886 2434 pro
914 2386 1131 2432 στλεγγίδες.
1162 2406 1205 2411 ——
1236 2386 1261 2429 Ι,
1283 2387 1317 2429 52,
1348 2385 1391 2421 12
1417 2385 1534 2421 HFE
1560 2381 1630 2432 εἶχε
1657 2383 1696 2421 δὲ
1723 2382 1745 2434 ἡ
1771 2387 1934 2423 Κίλισσα
1964 2383 2137 2435 φυλακὴν
2161 2385 2225 2422 καὶ
2252 2384 2368 2434 φύλα-

273 2461 340 2490 κας
360 2446 445 2493 περὶ
467 2443 583 2493 αὑτήν
607 2459 671 2494 pro
692 2442 765 2492 εἶχε
790 2444 829 2481 δὲ
852 2444 874 2492 ή
897 2447 942 2481 K.
964 2444 1028 2481 καὶ
1053 2443 1227 2492 φυλακὴν
1250 2444 1332 2492 περὶ
1358 2441 1484 2490 αὑτήν.
1509 2466 1555 2471 -
1583 2446 1609 2488 Ι,
1623 2445 1655 2487 2,
1669 2446 1717 2481 20
1743 2447 1775 2483 H
1803 2445 1842 2482 ἐν
1868 2439 1892 2494 ᾖ
1917 2458 1980 2494 pro
2008 2444 2048 2481 ἐν
2072 2438 2102 2493 ᾦ
2126 2444 2294 2494 (χρόνῳ).
2321 2468 2367 2474 -

274 2507 309 2550 Ι,
331 2506 372 2549 2,
392 2505 436 2542 21
464 2505 496 2541 H
528 2505 664 2552 Ταμῶν
688 2517 751 2554 pro
784 2501 921 2552 Ταμώυ
949 2504 992 2552 4).
1025 2526 1067 2530 —-
1096 2504 1128 2547 Ι,
1153 2504 1193 2547 2,
1214 2503 1259 2541 23
1284 2504 1316 2541 H
1330 2504 1446 2540 FED
1471 2503 1521 2541 εἰε
1546 2500 1593 2552 ἢν
1615 2497 1683 2553 (ἦν)
1710 2517 1771 2554 pro
1798 2498 1904 2553 ἦσαν.
1936 2527 1982 2531 -
2009 2504 2043 2548 l,
2070 2504 2107 2548 3,
2133 2503 2155 2540 6
2182 2503 2210 2540 F
2236 2501 2282 2541 οὐ
2305 2502 2367 2541 θέο

449 2608 480 2635 Α)
503 2606 605 2630 semel
629 2605 745 2632 dictum
770 2606 845 2632 volo
870 2613 916 2631 nie
941 2606 1072 2631 codices
1098 2606 1283 2632 Anabaseos
1307 2606 1416 2632 iisdem
1443 2605 1555 2638 quibus
1578 2607 1827 2633 Bornemannum
1849 2606 1897 2632 liic
1923 2605 2025 2632 literis
2047 2605 2213 2638 insignire.

448 2654 478 2685 ⁴)
500 2654 607 2687 Neque
628 2654 686 2680 hoc
707 2654 780 2681 solo
800 2655 874 2681 loco
896 2661 978 2681 rinus
996 2654 1120 2681 alterve
1138 2661 1155 2681 e
1171 2654 1354 2682 melioribus
1374 2653 1465 2681 libris
1486 2661 1596 2681 nomen
1613 2655 1771 2690 proprium
1788 2658 1971 2689 corruptum
1988 2661 2027 2682 ac
2043 2654 2247 2682 deformatum
2266 2655 2368 2690 habet,

271 2703 425 2737 siquidem
449 2709 466 2729 e
489 2702 632 2736 proxima
651 2703 770 2730 vicinia
790 2707 981 2730 occurrunt:
1007 2699 1177 2737 Δάρδατος
1195 2704 1217 2736 Ι,
1239 2705 1266 2739 4,
1290 2705 1336 2737 10,
1359 2705 1439 2738 quod
1462 2706 1513 2729 est
1531 2703 1560 2730 in
1583 2705 1606 2730 Η
1624 2704 1646 2730 F
1663 2705 1688 2732 E
1705 2705 1728 2731 D
1746 2712 1802 2738 pro
1828 2699 2033 2737 Δαράδακος;
2058 2699 2228 2739 Πατηγύας
2248 2704 2271 2740 1,
2291 2705 2321 2740 8,
2343 2705 2368 2740 1,

271 2753 353 2786 quod
377 2755 425 2778 est
450 2751 479 2778 in
508 2752 531 2778 F
550 2753 573 2779 E
590 2752 630 2785 D,
663 2751 858 2788 Πατηγυιάς,
883 2753 966 2787 qum!
988 2754 1039 2778 est
1064 2752 1093 2778 in
1119 2753 1160 2781 H.
1189 2749 1391 2789 Παντηγύας.
1413 2753 1495 2787 qnod
1520 2756 1570 2779 est
1594 2752 1623 2779 in
1647 2754 1683 2780 Et
1708 2761 1765 2787 pro
1792 2748 1980 2786 Παταγύαςς
2011 2748 2190 2788 Χαρμάνθη
2214 2752 2240 2787 1,
2265 2755 2298 2787 ὁ,
2321 2754 2368 2782 10.
