2549 3279
1251 130 1274 169 8

210 241 400 278 sennarum
434 236 574 276 illarum
612 251 715 277 usum
748 240 941 279 rectissime
978 240 1025 277 ita
1058 238 1350 289 circumscripsit,
1390 245 1432 278 ut
1453 252 1511 279 eas
1536 241 1663 292 partim
1687 241 1838 291 vulgaris
1863 241 2001 280 dialecti
2024 240 2149 292 partim
2175 239 2315 278 serioris

208 298 331 338 aetatis
357 308 434 333 esse
461 296 631 335 docuerit.
1670 346 1673 350 Ι
1940 311 1942 314 ’
2144 317 2148 319 -

384 357 519 405 Aperte
545 356 735 393 deteriores
765 357 947 393 meliorum
972 355 1139 392 librorum
1169 355 1361 404 scripturae
1387 357 1493 395 etiam
1523 358 1559 395 in
1583 358 1637 396 bis
1661 362 1752 395 sunt.
1803 358 1841 402 1,
1861 358 1903 401 4,
1924 357 1949 395 2
1974 356 2078 406 vulgo
2105 354 2314 406 ἐπολιόρκει

210 416 404 463 Μίλητον,
437 413 495 453 ὅτι
528 414 777 465 Τισσαφέρνει
806 416 897 465 φίλη
927 409 985 464 ἦν.
1035 414 1200 452 HFED
1227 413 1443 466 ineptissime
1472 414 1566 464 ὅτε,
1586 417 1680 468 quod
1709 416 1788 467 jure
1820 415 2050 467 repudiarunt
2075 415 2255 466 Kraqmu
2279 421 2315 454 et

209 475 413 511 Herdinius.
445 495 492 500 —-
520 475 559 517 1,
585 476 625 518 5,
651 475 673 511 3
700 475 802 521 vulgo
826 478 907 517 ταῖς
930 471 1109 520 πτέρυξιν
1137 471 1285 520 ἄρασα
1311 473 1429 522 ὥςπερ
1459 476 1563 524 ἱστίῳ
1590 474 1761 524 χρωμένη
1787 476 1810 512 i.
1834 487 1865 512 e.
1891 477 1956 513 alis
1979 477 2117 513 nablat&
2144 482 2315 524 tamquam

207 534 280 572 velo
314 539 421 571 utens.
466 532 630 570 FHED
665 532 859 579 αἴρουσα
890 531 910 568 i.
937 543 966 569 e.
992 531 1075 576 alis,
1112 531 1194 569 dum
1220 530 1298 581 (eas)
1325 534 1476 580 tollebat,
1510 541 1681 586 tamquam
1704 547 1736 571 v.
1761 546 1796 572 u.
1845 533 1949 571 Prius
1971 533 2050 584 jure
2076 532 2315 583 praetulerunt

208 594 478 631 Bomemannus
516 597 552 629 et
584 593 782 642 Kra'qerus,
825 590 1027 639 praesertim
1068 602 1178 639 quum
1213 592 1382 630 Aelianus
1417 606 1498 630 cum
1529 593 1717 643 Aristotele
1750 593 1871 630 eadem
1912 593 2172 642 comparatione
2210 597 2313 630 utens

208 651 415 691 ἆπλώσασα
441 651 577 688 habeat.
602 674 649 679 -—
676 652 704 694 I,
726 650 759 694 6,
787 651 826 687 ll
856 650 960 699 vulgo
984 650 1036 694 εἰς
1057 647 1126 697 τὴν
1147 648 1355 697 Ἀρταπάτα
1377 651 1520 701 σκηνὴν
1541 650 1738 701 είςήχθη,
1766 651 1808 689 cs.
1833 651 1852 701 §
1883 652 1937 689 10.
1963 652 2037 690 HF
2048 652 2313 690 EDEtVSY

211 709 468 761 είςηνέχθη,
495 710 589 759 quod
616 710 811 759 Dt'ndorfio,
837 709 1098 753 Bornemanno,
1127 710 1290 748 Kiilmero
1313 711 1436 748 ceteris
1467 711 1740 761 repugnantibus
1765 711 2031 759 comprobatum
2057 723 2132 749 esse
2156 711 2211 748 vix
2238 723 2311 748 cre-

210 772 283 808 das.
334 769 507 807 Videlicet
532 768 703 805 Orontem
727 768 880 804 tentorio
905 768 1037 811 relicto,
1060 773 1100 804 ut
1123 768 1214 816 apud
1239 782 1304 806 nos
1329 771 1505 808 maleficos
1530 770 1641 819 capite
1665 770 1859 813 damnatos,
1882 769 1917 806 in
1939 782 2037 807 carro
2061 770 2213 819 positum
2236 782 2313 807 esse

210 831 356 879 fingunt.
386 850 429 856 -—
469 827 496 871 Ι,
525 827 557 870 7,
587 827 632 864 15
659 827 763 875 vulgo
792 820 840 875 ἦν
865 824 953 874 παρ’
979 823 1096 863 αὐτὸν
1120 824 1186 863 τὸν
1209 824 1420 878 Εὐφράτην
1444 827 1609 879 πάροδος
1634 825 1750 876 στενή.
1801 828 1875 864 HF
1891 828 1919 865 E
1946 825 2068 876 παρὰ
2092 826 2173 865 τὸν
2200 826 2266 873 Ἐ.,
2292 841 2311 865 a

208 888 411 936 Dindorfio,
444 888 635 929 Hertlim'e,
667 887 831 922 Ki'a'lmero
863 886 965 922 citius
991 898 1095 933 quam
1120 886 1373 924 consideratius
1401 894 1590 937 receptum.
1639 889 1715 925 Hoc
1738 887 1901 923 facillime
1925 887 2041 934 potuit
2065 899 2106 923 ex
2131 888 2207 932 illo,
2241 901 2310 925 non

213 947 299 985 illud
326 959 367 983 ex
393 945 459 982 hoc
486 957 549 994 per
573 944 817 993 negligentiam
842 943 937 981 oriri.
965 965 1009 970 —
1038 944 1075 987 Ι,
1099 944 1138 988 9,
1166 945 1208 981 15
1233 945 1335 995 vulgo
1360 944 1452 983 ὥστε
1476 947 1680 995 φαίνεσθαι
1702 943 1789 989 τοὺς
1813 944 1882 993 μὲν
1907 942 2076 992 ἀγαθοὺς
2101 943 2311 994 εὐδαιμονε-

209 1005 376 1051 στάτους,
398 1003 485 1048 τοὺς
507 1003 548 1040 δὲ
572 1002 712 1048 κακοὺς
733 1001 891 1047 δούλους
911 1000 1055 1039 τούτων
1075 1000 1322 1048 ἀξιοῦσθαι
1341 1002 1448 1042 εἶναι.
1484 1006 1542 1043 Sic
1562 1005 1663 1042 etiam
1682 1005 1714 1042 H
1727 1005 1759 1041 D
1773 1004 1830 1041 Et.
1864 1007 1913 1042 At
1926 1005 1953 1041 F
1966 1005 1996 1041 E
2010 1005 2042 1042 V
2056 1005 2079 1042 S
2095 1006 2125 1041 Y
2144 1002 2311 1049 ἀξιοῦν,

210 1066 319 1116 quod,
343 1066 370 1102 si
390 1065 676 1102 Bornemannum
700 1064 867 1101 exemeris
891 1063 975 1113 quid
1004 1063 1068 1100 sibi
1093 1063 1195 1100 vellet
1220 1064 1369 1101 activum
1396 1078 1466 1102 non
1493 1064 1680 1113 intelligere
1702 1076 1738 1101 se
1763 1063 1905 1108 fassum,
1925 1064 2031 1102 ceteri
2053 1077 2187 1108 omnes,
2207 1065 2310 1102 etiam

210 1126 402 1174 Kriiqerus,
430 1123 681 1167 antetulerunt‚
708 1124 895 1160 Kaknms
922 1122 1065 1171 quidem
1093 1122 1141 1158 sic
1167 1122 1430 1172 interpretatus:
1456 1132 1494 1161 ut
1518 1125 1687 1162 videretur
1711 1136 1855 1174 aequum
1873 1124 2035 1172 judicare
2060 1120 2217 1170 (α’ξιοῦν)
2236 1126 2308 1172 for-

211 1192 258 1222 tes
284 1198 352 1221 esse
376 1184 595 1226 beatissimos,
619 1185 760 1231 {qnavos
786 1196 903 1219 eorum
925 1195 1038 1218 servos
1065 1195 1141 1218 esse.
1185 1182 1276 1218 Haec
1302 1195 1418 1219 meum
1442 1183 1583 1231 quidem
1610 1187 1748 1231 captum
1774 1186 1949 1231 superant.
2000 1182 2170 1219 Nimirum
2191 1182 2309 1219 Xeno-

213 1244 310 1294 phon
332 1242 417 1280 dicit
441 1242 535 1279 viros
565 1241 692 1286 sortes,
722 1241 783 1291 qui
809 1241 841 1277 in
871 1241 950 1290 Cyri
978 1240 1132 1277 exercitu
1156 1241 1358 1285 militarent,
1382 1254 1499 1279 coram
1527 1241 1688 1279 omnibus
1715 1241 1916 1279 hominibus
1937 1241 2152 1290 amplissimo
2178 1240 2311 1278 honore

213 1307 359 1339 ornatos
382 1313 475 1344 esse,
514 1301 658 1348 ignavos
694 1306 810 1337 autem
844 1302 966 1348 dignos
1006 1313 1081 1336 esse
1111 1300 1247 1336 habitos
1279 1301 1340 1348 qui
1370 1302 1506 1337 illorum
1538 1301 1625 1337 servi
1649 1306 1773 1338 essent.
1824 1301 1915 1337 Hinc
1942 1307 2036 1349 patet
2061 1299 2194 1345 ἀξιοῦν
2214 1300 2309 1337 nihili

213 1374 301 1398 esse.
326 1382 373 1388 —-
397 1360 424 1404 I,
454 1359 508 1403 10,
534 1359 557 1395 6
582 1359 685 1407 vulgo
711 1357 798 1402 τοὺς
823 1357 933 1406 πρὸς
957 1357 1239 1406 τοὺςἝλληνας
1259 1356 1592 1407 αὐτομολήσαντας.
1643 1359 1804 1396 HFED
1831 1356 1942 1395 κατὰ
1965 1357 2053 1402 τούς
2075 1356 2124 1396 Ἑ.
2176 1360 2256 1405 Qua
2279 1361 2309 1394 vi

210 1417 304 1456 κατά
330 1430 487 1467 unquam
513 1418 675 1466 usurpari
703 1418 1011 1454 demonstrandum
1045 1423 1136 1460 erat,
1178 1417 1379 1465 priusquam
1413 1430 1534 1455 omnes
1565 1422 1701 1466 praeter
1732 1418 1929 1466 Kriiqerum
1961 1418 2071 1455 errori
2104 1419 2159 1455 isti
2193 1419 2308 1455 album

210 1477 383 1515 calculum
410 1476 609 1526 adjicerent.
662 1476 933 1525 Apertissimum
961 1480 1014 1512 est
1040 1475 1107 1512 hoc
1132 1472 1224 1511 κατά
1250 1475 1420 1523 originem
1448 1476 1573 1512 debere
1595 1475 1708 1512 verbis
1733 1474 1827 1511 κατὰ
1851 1473 1939 1517 τοὺς
1954 1474 2138 1523 Ἓλληνας
2161 1476 2180 1524 §
2207 1478 2237 1512 7.
2268 1498 2309 1504 —

210 1539 238 1581 1,
263 1538 318 1580 10,
348 1536 392 1573 16
417 1536 520 1584 vulgo
542 1534 766 1583 ἐθαύμαζον,
794 1533 849 1572 ὅτι
872 1533 1042 1583 οὐδαμοῦ
1067 1536 1193 1583 Κῦρος
1212 1534 1398 1582 φαίνοιτο,
1424 1531 1505 1573 οὐδ’
1532 1533 1643 1579 ἄλλος
1664 1531 1726 1572 ἀπ’
1747 1531 1865 1572 αὐτοῦ
1887 1531 2011 1579 οὐδεὶς
2034 1533 2202 1584 παρήει.
2255 1536 2310 1574 Sic

210 1596 314 1633 etiam
342 1595 370 1631 F
397 1594 526 1643 aliique
553 1594 725 1631 meliores.
777 1594 880 1631 Solus
908 1595 942 1631 H
968 1594 1149 1641 παρείη,
1191 1593 1295 1641 idque
1326 1594 1480 1630 certatim
1511 1599 1750 1630 assumserunt
1780 1595 2001 1643 Dindorfim,
2036 1596 2311 1638 Bornemannus,

209 1655 420 1698 Hertlim'us,
460 1654 665 1695 Iffihnerus:
707 1653 793 1703 quin
820 1653 923 1690 etiam
950 1654 1131 1703 Kraqerus
1159 1652 1392 1701 recipiendum
1418 1652 1524 1690 duxit.
1574 1653 1651 1702 Ego
1676 1664 1758 1690 vero
1782 1653 1917 1701 παρείη
1943 1665 2085 1702 prorsus
2112 1654 2309 1703 improban-

213 1714 297 1751 dum
321 1725 397 1751 esse
419 1713 597 1758 existimo,
630 1713 781 1762 primum
810 1713 905 1761 quod
930 1713 1002 1749 fieri
1029 1712 1185 1762 potuisse
1209 1724 1314 1761 neg0‚
1352 1717 1391 1748 ut
1414 1717 1467 1749 tot
1489 1712 1565 1749 libri
1591 1714 1746 1762 optativo
1773 1713 2000 1750 antecedente
2026 1713 2059 1749 in
2085 1713 2309 1751 indicativum

211 1773 421 1816 inciderent,
447 1773 512 1809 nisi
538 1772 594 1809 bic
620 1773 732 1820 ipsum
761 1772 1033 1820 Xenophontem
1062 1777 1237 1809 auctorem
1265 1771 1433 1815 babebat,
1468 1771 1592 1809 deinde
1611 1772 1692 1821 quia
1718 1773 1839 1809 saltem
1866 1772 1996 1820 παρίοι
2018 1772 2203 1811 dicendum
2229 1774 2310 1811 fuis-

210 1838 281 1876 set,
306 1832 357 1869 uti
379 1831 450 1881 jam
476 1832 596 1880 Poppo
621 1830 801 1867 verissime
825 1836 1027 1871 monuerat;
1061 1842 1176 1878 neque
1200 1830 1289 1865 enim
1315 1829 1439 1866 Graeci
1467 1830 1581 1866 mirati
1601 1842 1677 1866 esse
1699 1831 1881 1873 dicuntur,
1904 1826 1998 1878 quod
2025 1843 2128 1866 nemo
2153 1844 2172 1867 e
2194 1833 2309 1879 Cyria-

211 1892 264 1928 nis
291 1892 428 1933 adesset,
450 1890 510 1926 sed
537 1890 632 1937 quod
659 1902 763 1926 nemo
790 1890 967 1926 accederet.
1019 1890 1182 1926 Ku'lmero
1212 1893 1326 1925 autem
1356 1888 1579 1926 indicativum
1610 1888 1643 1925 h.
1666 1888 1686 1925 l.
1713 1890 1759 1926 ob
1789 1889 1997 1925 antecedens
2017 1890 2191 1937 φαίνοιτο
2216 1891 2311 1927 nullo

212 1950 320 1986 modo
345 1948 425 1985 ferri
449 1959 552 1995 posse
576 1947 802 1983 contendenti
827 1948 977 1995 primum
1002 1960 1143 1995 oppono
1165 1948 1372 1996 Popponem,
1409 1947 1518 1983 virum
1542 1947 1576 1983 in
1600 1948 1825 1994 grammatica
1850 1959 1958 1995 paene
1985 1948 2216 1991 habitantem,
2250 1950 2309 1997 qui

210 2006 346 2055 παρήει
372 2019 442 2043 non
466 2006 578 2042 solum
606 2006 697 2049 tulit,
723 2018 842 2042 verum
867 2006 970 2042 etiam
996 2006 1029 2042 iu
1051 2011 1183 2042 textum
1207 2005 1348 2054 recepit,
1374 2018 1515 2054 oppono
1542 2005 1698 2054 exempla
1723 2018 1764 2042 ex
1790 2005 1853 2042 bac
1877 2005 1947 2054 ipsa
1962 2006 2111 2043 Anabasi
2138 2007 2309 2044 simillima

212 2068 273 2110 IV,
294 2067 327 2110 5,
356 2067 410 2102 10.
436 2066 478 2108 V,
502 2064 536 2107 6,
564 2064 596 2101 3.
632 2065 665 2108 9,
695 2064 749 2101 16.
774 2065 854 2107 vll,
879 2064 912 2108 8,
935 2065 993 2107 ⁶21,
1018 2065 1168 2113 denique
1194 2076 1333 2113 oppono
1359 2064 1467 2112 ipsius
1493 2064 1653 2101 Kahneri
1674 2064 1932 2101 annotationem
1954 2064 1995 2101 ad
2020 2066 2042 2109 Ι,
2070 2066 2103 2109 3,
2131 2067 2183 2102 14.
2238 2067 2310 2103 Sci-

211 2126 291 2162 licet
318 2124 469 2173 scriptor
495 2134 592 2159 more
616 2134 680 2159 suo
710 2135 752 2159 ex
781 2123 923 2171 obliqua
950 2123 1107 2159 oratione
1137 2124 1170 2159 in
1197 2129 1325 2159 rectam
1349 2122 1543 2157 transiliens
1569 2122 1670 2164 illud,
1699 2122 1792 2170 quod
1815 2134 1834 2158 e
1858 2123 2014 2170 Cyrianis
2040 2135 2143 2160 nemo
2168 2125 2309 2161 accede-

212 2186 289 2227 bat,
325 2190 504 2232 tamquam
533 2195 605 2220 rem
636 2194 707 2218 non
735 2182 941 2229 cogitatam,
976 2182 1035 2219 sed
1062 2194 1176 2219 veram
1198 2181 1360 2231 depingit.
1414 2180 1559 2228 Παρείη
1583 2180 1784 2230 simpliciter
1811 2193 1872 2231 per
1893 2181 2087 2219 itacismum
2116 2194 2156 2219 ex
2178 2181 2309 2231 παρήει

210 2247 415 2290 corruptum
441 2247 503 2284 est,
528 2246 568 2277 ut
589 2240 607 2287 ξ
635 2241 677 2276 17
702 2238 728 2287 ἤ
744 2262 785 2266 -
801 2239 835 2288 ἥ,
863 2241 958 2289 quod
985 2247 1036 2276 est
1061 2241 1095 2275 in
1118 2242 1189 2276 HF
1214 2246 1248 2276 et
1273 2240 1449 2288 pejoribus
1470 2239 1645 2275 nonnullis
1672 2240 1777 2282 libris,
1803 2253 1842 2276 ex
1869 2241 1957 2277 εἰ-
1973 2239 2006 2288 ἤ.
2048 2243 2088 2278 V.
2111 2254 2213 2289 supra
2239 2256 2269 2290 p.
2287 2244 2309 2277 5

213 2301 254 2338 ad
283 2302 311 2344 Ι,
337 2301 371 2342 5,
400 2300 454 2336 15.

390 2358 459 2397 Sed
493 2359 597 2395 etiam
629 2358 936 2407 interpretamenta
967 2358 1001 2394 in
1030 2357 1125 2394 libris
1160 2357 1361 2394 melioribus
1396 2356 1565 2404 permulta
1599 2356 1906 2405 deprehenduntur
1936 2358 2007 2405 Η).
2060 2358 2165 2403 Quod
2199 2360 2307 2407 siqui

211 2421 380 2456 librorum
410 2419 558 2455 istorum
582 2418 696 2454 cultor
724 2430 793 2454 non
820 2417 953 2461 credat,
991 2417 1026 2453 in
1056 2417 1169 2465 primo
1195 2418 1270 2453 loco
1298 2427 1424 2464 ponam
1451 2416 1646 2465 exemplum
1673 2428 1692 2452 e
1719 2416 1805 2454 libro
1829 2419 1933 2455 tertio
1958 2418 2176 2465 decerptum,
2215 2420 2307 2466 quod

212 2479 262 2516 vel
291 2490 394 2515 caeco
418 2477 636 2526 persuadeat.
688 2477 753 2519 ΙΙΙ,
780 2477 817 2520 1,
841 2475 887 2513 38
914 2488 976 2525 pro
1001 2476 1090 2526 vulg.
1122 2474 1253 2524 ὀνῆσαι
1278 2474 1494 2511 HFDEtS
1519 2472 1767 2522 ὠφελῆσαι,
1794 2477 1836 2512 de
1864 2489 1936 2525 quo
1959 2477 2157 2520 Kiihnerus,
2184 2480 2308 2521 ,Μασ-

206 2542 488 2589 pretamentum,“
517 2535 640 2583 inquit,
666 2536 820 2578 „videtur
846 2549 913 2572 esse
940 2537 1052 2572 nu'nus
1075 2536 1283 2585 frequentati
1306 2532 1456 2581 ὀνῆσαι,
1481 2535 1539 2570 sed
1563 2536 1687 2571 mirum
1712 2537 1749 2572 id
1772 2537 2105 2585 interpretamentum
2132 2550 2310 2586 occupasse

211 2598 355 2648 optimos
379 2596 540 2633 codices.“
591 2595 668 2631 Non
699 2594 744 2630 ita
772 2595 897 2630 mirum
926 2594 987 2630 tibi
1015 2594 1204 2638 videbitur,
1236 2594 1262 2629 si
1291 2593 1415 2629 horum
1443 2592 1603 2629 codicum
1631 2599 1788 2630 naturam
1811 2594 1949 2642 penitus
1977 2596 2178 2643 cognoveris
2205 2602 2309 2644 atque

212 2656 436 2705 perspexeris.
490 2654 654 2691 Similiter
675 2654 700 2696 l,
724 2654 756 2692 9.
780 2653 827 2690 ⁶.)ss
852 2666 914 2702 pro
941 2654 1030 2702 vulg.
1055 2651 1180 2701 ἄρτων
1199 2651 1331 2701 ἡμίσεα
1359 2652 1391 2688 in
1420 2655 1447 2688 A
1471 2657 1521 2689 cst
1549 2650 1670 2701 ἄρτων
1692 2650 1867 2701 ἡμίσεις,
1893 2653 1987 2702 quod
2014 2654 2103 2691 idem
2127 2655 2310 2693 Kiihnerus

392 2786 438 2816 Η)
464 2786 499 2810 V,
526 2784 655 2821 Ii'rfigcr.
679 2785 767 2811 Stud.
793 2785 1082 2818 historico-philol.
1106 2787 1141 2813 ΙΙ.
1168 2794 1193 2819 p.
1219 2786 1272 2812 107
1294 2792 1337 2817 sq.
