2549 3279
1165 129 1188 167 9

139 237 318 287 ceterique
341 247 463 274 omnes
486 235 646 287 rejecere,
671 237 798 275 scilicet
823 238 917 288 quod
943 238 1287 288 interpretamentum
1312 249 1387 276 esse
1414 238 1652 288 intelligerent.
1704 240 1815 278 Porro
1841 242 1875 286 I,
1903 242 1965 288 10,
1990 244 2012 282 5
2041 256 2104 294 pro
2129 244 2216 293 vulg.

138 295 189 341 ὥς
215 294 249 333 δ’
267 293 430 345 ᾔσθοντο
462 297 712 334 HFDVSY
740 296 834 334 ἐπεὶ
859 296 891 335 δ’
914 295 1095 347 ᾔσθοντο,
1121 299 1205 346 quin
1224 299 1272 335 Et
1294 297 1389 334 ἐπεὶ
1417 298 1464 335 δὲ
1491 296 1545 342 ὥς
1572 296 1659 347 ᾕσθ.
1710 301 1928 337 Alterutrum
1950 314 1990 338 ex
2014 304 2217 352 interpreta-

140 359 259 393 monto
283 359 400 393 ortum
425 366 501 392 esse
526 354 599 392 sole
622 360 674 392 est
693 356 835 398 clarius:
867 356 946 394 libri
972 361 1088 394 autem
1115 356 1175 393 ubi
1201 357 1290 394 inter
1314 356 1374 393 has
1399 356 1485 394 duas
1509 357 1695 407 particulas
1719 359 1900 403 fluctuent,
1926 372 1997 397 non
2023 361 2219 399 inusitatius

138 410 206 459 ὥς,
222 413 529 452 vemmusitatius
553 412 631 451 ἐπεί
651 427 762 465 usque
784 427 847 465 pro
874 415 1179 465 interpretamento
1201 416 1390 466 putandum
1413 418 1488 454 esse
1514 428 1622 466 quum
1651 428 1713 466 per
1733 429 1769 455 se
1792 418 2004 467 intelligitur,
2027 424 2101 458 tum
2125 421 2217 458 Krit-

137 485 239 521 9erm
258 473 456 510 observavit
483 473 517 509 in
544 473 643 510 Stud.
668 475 948 523 historico-phil.
975 474 1022 518 11,
1047 485 1090 522 p.
1106 473 1184 512 108.
1225 475 1277 513 Cf.
1301 476 1367 518 IV,
1392 476 1432 518 6,
1458 476 1516 512 22.
1555 476 1589 519 8,
1616 477 1659 513 19
1686 478 1753 523 ¹⁵).
1803 478 2009 526 Pariterque
2034 479 2097 515 hos
2123 481 2217 516 locos

138 531 173 567 in
195 530 397 568 melioribus
418 531 518 568 codd.
539 531 747 570 adulteratos
769 538 872 582 puto:
896 533 924 576 Ι,
948 532 982 576 2,
1001 531 1046 568 16
1071 532 1174 581 vulgo
1200 529 1299 581 εἶχον
1320 531 1452 577 πάντες
1471 531 1590 582 κράνη
1615 535 1733 581 χαλκᾶ
1755 534 1820 572 καὶ
1842 537 1998 583 χιτῶνας
2024 539 2218 585 φοινικοῦς

137 589 202 627 καὶ
221 590 403 638 κνημῖδας
422 589 486 627 καὶ
504 589 570 634 τὰς
588 589 744 636 ἀσπίδας
765 588 1089 639 ἐκκεκαθαρμένας
1133 592 1165 629 H
1179 593 1205 630 F
1217 593 1248 630 E
1261 592 1293 630 D
1307 593 1354 629 Et
1366 593 1398 630 V
1412 593 1435 630 S
1451 594 1484 629 Y
1510 591 1900 642 ἐκκεκαλυμμένας.
1934 596 1980 632 Et
1996 595 2120 633 horum
2142 598 2217 645 qui-

138 649 215 687 dem
241 649 386 686 alterum
408 661 449 686 ex
473 649 580 688 altero
607 662 668 700 per
687 663 842 689 errorem
866 649 995 687 factum
1022 661 1098 687 esse
1123 651 1251 699 nequit
1288 651 1425 688 Falsum
1451 656 1565 689 autem
1593 664 1669 690 esse
1694 653 1786 702 quod
1809 654 1885 691 libri
1910 654 1964 692 isti
1988 654 2146 692 meliores
2160 655 2218 693 ha-

139 709 244 745 beant
267 721 309 745 ex
330 720 373 745 eo
398 712 572 757 sequitur,
609 710 702 758 quod
729 707 1048 756 ἐκκεκαλυμμένας
1073 708 1116 745 ad
1140 710 1320 757 κνημῖδας
1339 710 1434 746 nullo
1460 711 1563 747 inodo
1591 711 1758 759 quadrat,
1795 712 1862 749 hoc
1889 719 2004 750 autem
2032 726 2145 762 neque
2177 716 2218 750 ad

139 766 380 816 praecedentia
403 767 588 816 relegatum
609 768 713 805 ullam
738 768 1001 817 explicationem
1025 767 1138 804 habet.
1181 769 1303 818 Itaque
1327 768 1375 805 sic
1401 773 1526 813 statuo,
1549 769 1724 807 librarium
1746 770 1788 808 de
1810 772 2018 820 tegumentis
2042 778 2218 809 scutorum

139 825 302 862 detractis
318 838 510 863 sermonem
531 826 585 863 hic
609 839 683 863 esse
707 827 905 876 opinantem
928 826 1218 875 interpretationis
1244 839 1346 863 causa
1370 827 1546 875 scripsisse
1569 827 1895 877 ἐκκεκαλυμμένας.
1934 830 2011 866 Vid.
2028 836 2101 867 not.
2114 830 2161 867 22
2178 831 2219 867 ad

140 897 171 933 p.
191 884 244 922 13.
270 885 400 922 Locum
416 898 478 922 nec
495 886 545 923 uti
561 886 663 934 vulgo
675 886 801 934 legitur
818 897 960 934 prorsus
976 885 1146 933 integrum
1163 897 1300 923 sanasse
1316 885 1398 922 mihi
1415 885 1532 923 videor
1549 887 1582 923 in
1601 887 1761 925 editionis
1779 902 1875 926 meae
1893 889 2084 938 appendice
2102 890 2220 926 critica

140 955 173 991 p.
189 943 271 979 433.
297 943 492 980 Articulum
517 949 596 980 ante
621 945 802 992 κνημῖδας
823 943 1076 980 restituendum
1104 955 1179 980 esse
1197 944 1265 992 jam
1300 944 1459 980 Wetlskz'us
1486 944 1626 981 viderat.
1654 967 1697 972 —
1726 947 1753 989 l,
1778 947 1812 990 3,
1838 947 1861 983 6
1888 947 1977 996 vulg.
2003 944 2110 995 ὑμῶν
2135 947 2216 995 ἐρη-

139 1001 288 1049 μωθείς.
310 1004 343 1040 Η
355 1003 383 1039 F
395 1002 425 1039 E
438 1004 470 1040 D
483 1003 529 1039 Et
541 1003 572 1039 V
585 1003 608 1041 S
622 1005 655 1040 Y
673 1002 806 1051 ἔρημος
826 1000 891 1048 ὤν,
911 1002 1006 1052 quod
1025 1002 1364 1051 interpretamentum
1382 1015 1456 1040 esse
1475 1004 1658 1048 contendo,
1670 1005 1989 1055 quamvisKr-ityero
2006 1007 2220 1043 contrarium

140 1061 310 1110 placuisse
325 1061 440 1099 sciam.
458 1085 505 1090 —
531 1063 558 1107 I,
572 1062 604 1107 3,
618 1063 661 1100 21
677 1063 768 1112 vulg.
786 1059 875 1100 οὐδὲ
898 1060 1062 1099 ἐνταῦθα
1081 1058 1215 1110 ἤκουεν
1236 1058 1359 1106 οὐδεὶς
1376 1060 1415 1099 ἔν
1431 1075 1470 1110 γε
1487 1063 1537 1112 τῷ
1556 1064 1720 1114 φανερῷ.
1746 1064 1774 1101 F
1787 1065 1817 1102 E
1837 1063 1876 1101 ἐν
1892 1066 1943 1115 τῷ
1958 1063 2038 1102 τότε
2056 1067 2220 1115 φανερῷ,

141 1121 174 1156 Η
187 1121 218 1157 D
231 1121 321 1158 Etv
337 1123 352 1158 l
369 1123 392 1158 2
405 1122 428 1158 S
441 1123 474 1158 Y
501 1120 541 1157 ἐν
561 1123 612 1171 τῷ
633 1120 713 1158 τότε
736 1122 919 1170 φανερῶς,
941 1134 1028 1170 quas
1053 1121 1351 1170 interpretationes
1376 1133 1451 1158 esse
1477 1122 1637 1159 confusas
1660 1123 1844 1160 verborum
1869 1124 2033 1161 ἐνταῦθα
2053 1131 2087 1162 et
2109 1125 2149 1162 ἐν
2169 1128 2221 1175 τῷ

140 1181 292 1229 φανερῷ
317 1180 419 1217 etiam
449 1181 633 1218 Kiilmerus
655 1181 805 1230 agnovit.
830 1201 874 1207 —
904 1181 939 1225 Ι,
965 1182 999 1225 4,
1023 1181 1045 1218 3
1070 1181 1155 1229 vulg.
1182 1180 1221 1217 αἱ
1244 1181 1329 1228 νῆες
1354 1177 1505 1228 ὥρμουν
1528 1180 1645 1218 κατὰ
1668 1180 1736 1230 τὴν
1754 1180 1887 1231 Κύρου
1908 1182 2057 1231 σκηνήν.
2104 1185 2177 1221 HF
2190 1185 2220 1222 E

141 1239 232 1276 DEt
247 1240 297 1275 Vl
324 1238 448 1287 παρὰ
472 1252 502 1275 τ.
528 1241 574 1276 Κ.
599 1248 673 1285 σκ.,
711 1251 782 1289 quo
819 1239 1012 1276 evidentius
1042 1239 1381 1289 interpretamentum
1414 1240 1567 1277 nondum
1599 1240 1679 1277 vidi.
1730 1242 1953 1290 Receperunt
1981 1248 2098 1280 tamen
2130 1244 2220 1281 bona

141 1298 208 1335 fide
232 1298 445 1348 Dindorfius,
471 1299 673 1343 Hertlim'us,
697 1299 890 1336 [sviknei-us.
941 1297 1048 1335 Κατά
1071 1298 1153 1347 quid
1178 1299 1240 1336 sibi
1265 1298 1358 1342 velit,
1375 1298 1446 1347 jam
1471 1299 1602 1337 dudum
1627 1306 1849 1348 perspexerat
1874 1302 2147 1339 Bornemannus.
2178 1325 2220 1330 -.

142 1379 185 1384 —
212 1358 239 1399 Ι,
255 1358 289 1400 5,
309 1358 325 1393 1
345 1357 434 1405 vulg.
461 1355 529 1394 οὐκ
554 1354 676 1404 ὀλίγαι
700 1358 890 1405 στρουθοί.
941 1357 1162 1394 HFEDEt
1175 1358 1286 1394 VSY
1312 1358 1482 1393 πολλοί
1506 1366 1581 1405 στρ.
1633 1359 1695 1394 013Α
1711 1370 1836 1406 genere
1862 1371 1965 1407 supra
1992 1360 2121 1396 dictum
2143 1373 2175 1409 p.
2189 1363 2221 1398 5.

140 1415 317 1452 Librarios
338 1420 453 1452 autem
479 1428 581 1464 saepe
605 1416 652 1453 ita
677 1416 815 1459 lusisse,
845 1420 886 1452 ut
911 1415 1082 1452 formulae
1106 1416 1241 1463 neganti
1266 1415 1415 1464 ajentem
1442 1416 1703 1459 substituerint,
1739 1416 1823 1453 scite
1850 1418 1985 1454 monuit
2006 1419 2220 1456 Bor-neman-

140 1487 216 1510 ηας.
266 1474 402 1510 Pariter
427 1474 551 1522 Cyrop.
579 1475 607 1517 I,
630 1475 664 1517 5,
686 1475 710 1510 2
736 1474 896 1510 meliores
921 1473 999 1510 libri
1022 1471 1197 1520 πάμπολυ
1218 1474 1348 1510 habent
1372 1485 1434 1522 pro
1461 1472 1507 1510 οὐ
1531 1472 1667 1521 μικρόν
1691 1476 1854 1524 Poppone
1876 1481 1973 1519 teste,
2000 1488 2103 1524 quem
2126 1490 2154 1512 v.
2179 1479 2222 1513 ad

142 1533 220 1583 Cyr.
242 1531 353 1570 Praef.
377 1545 409 1582 p.
434 1532 566 1570 XXVI.
616 1532 752 1570 Rursus
777 1533 846 1578 111,
877 1533 912 1577 l,
939 1532 962 1570 2
984 1531 1119 1582 pejores
1143 1537 1221 1570 sunt
1244 1532 1392 1577 codices,
1417 1532 1474 1582 qui
1502 1532 1847 1583 interpretamentum
1869 1534 2095 1572 subdiderint.
2124 1558 2166 1562 —
2194 1536 2222 1580 Ι,

143 1593 175 1635 7,
198 1593 220 1628 3
242 1593 330 1639 vulg.
360 1585 403 1639 ἦς
429 1591 662 1639 (ἐλευθερίας)
685 1589 782 1638 ὑμᾶς
810 1590 881 1638 ἐγὼ
905 1589 1160 1639 εὐδαιμονίζω.
1211 1592 1276 1629 Sic.
1292 1593 1395 1628 etiam
1422 1593 1454 1628 V
1477 1597 1511 1628 et
1534 1593 1582 1636 E,
1620 1592 1685 1628 nisi
1714 1593 1807 1640 quod
1832 1593 1888 1628 hic
1914 1595 1957 1630 ab
1981 1595 2091 1630 aliena
2118 1607 2223 1631 manu

141 1650 313 1700 adjectum
348 1649 451 1687 habet
480 1646 584 1699 ὑπέρ.
634 1649 747 1688 Ceteri
774 1649 850 1687 libri
876 1649 1036 1687 meliores
1062 1662 1132 1687 una
1158 1662 1234 1687 cum
1260 1649 1436 1700 pejoribus
1466 1647 1580 1698 ὑπὲρ
1607 1643 1659 1698 ἧς.
1712 1651 1827 1696 Quam
1855 1652 2145 1701 praepositionem
2173 1653 2223 1689 in-

140 1710 401 1759 terpretamenti
425 1710 573 1758 speciem
600 1721 681 1758 prae
703 1722 740 1746 se
766 1709 856 1746 serre
876 1709 1035 1758 plerique
1058 1714 1247 1754 senserunt,
1273 1722 1414 1758 prorsus
1435 1710 1583 1758 abjicere
1608 1722 1711 1746 nemo
1738 1722 1843 1747 ausus
1870 1716 1932 1748 est.
1981 1712 2023 1749 V.
2055 1713 2164 1761 Kric'q.
2190 1713 2224 1748 in

142 1770 195 1807 ed.
221 1770 304 1806 min.
329 1790 375 1797 —
403 1770 437 1813 Ι,
461 1769 495 1812 9,
521 1769 544 1806 5
566 1768 657 1817 vulg.
683 1770 811 1817 Κῦρος
831 1767 1143 1816 αἰδημονέστατος
1158 1792 1203 1796 -
1219 1769 1295 1806 τῶν
1321 1765 1489 1817 ἡλίκων
1520 1767 1638 1806 ἐδόκει
1661 1765 1768 1806 εἶναι.
1819 1770 2041 1807 HFDEtV
2056 1771 2124 1809 SY
2149 1768 2224 1819 ἡλι-

142 1830 324 1865 κιωτῶν.
376 1829 415 1864 Id
441 1829 483 1864 ad
509 1840 618 1864 unum
643 1840 764 1864 omnes
787 1827 934 1876 amplexi
962 1833 1053 1864 sunt.
1105 1828 1201 1872 Quin
1225 1828 1327 1864 etiam
1353 1829 1550 1876 Krit'qerus,
1590 1840 1699 1876 quum
1722 1828 1757 1863 in
1781 1828 1858 1876 maj.
1885 1829 1937 1864 ed.
1960 1830 2129 1877 vulgatam
2147 1831 2226 1878 jure

143 1901 207 1926 suo
229 1887 415 1931 tenuisset,
435 1886 469 1923 in
494 1887 574 1923 min.
599 1886 653 1924 ed.
676 1886 771 1924 libris
794 1886 994 1923 melioribus
1019 1886 1266 1935 obtemperavit
1292 1887 1356 1934 ¹⁶).
1406 1887 1514 1923 Recte
1538 1891 1653 1923 autem
1681 1898 1744 1935 pro
1770 1886 2077 1935 interpretamento
2103 1888 2225 1925 habuit

142 1948 300 1989 Zeum‘us,
324 1946 524 1994 praesertim
549 1958 657 1994 quum
682 1946 785 1982 etiam
806 1945 999 1994 Hesychius
1020 1939 1103 1993 ἧλιξ
1128 1945 1372 1993 interpretetur
1387 1942 1592 1992 ἡλικιώτης.
1625 1949 1681 1981 An
1704 1951 1743 1981 tu
1769 1944 1842 1980 fieri
1865 1947 2019 1993 potuisse
2041 1948 2228 1984 existimas.

143 2011 182 2042 ut
206 2004 284 2053 quis
304 2004 429 2040 tritiori
454 2004 601 2048 formae,
629 2004 740 2053 qualis
766 2009 819 2041 est
841 2000 1053 2052 ἡλικιώτης,
1083 2003 1338 2053 exquisitiorem
1366 2003 1566 2040 sufficeret?
1619 2002 1670 2040 Cf.
1702 2003 1793 2039 Xen.
1821 2003 1945 2052 Cyrop.
1973 2005 2007 2048 I,
2034 2006 2071 2048 4,
2096 2006 2132 2048 5,
2169 2006 2226 2041 ubi

145 2065 234 2100 idem
263 2063 606 2111 interpretamentum
636 2060 832 2111 ἡλικιώτης
856 2064 899 2100 ab
927 2063 1062 2112 aliquot
1086 2063 1185 2099 codd.
1211 2063 1462 2111 suppeditatur.
1514 2062 1616 2098 Adde
1641 2062 1796 2111 ejusdem
1822 2062 1899 2098 libri
1921 2063 1955 2106 I,
1978 2065 2015 2106 4,
2042 2064 2097 2099 25.
2138 2064 2225 2099 Plat.

143 2122 232 2159 Phil.
260 2134 292 2169 p.
318 2122 372 2163 15,
397 2121 438 2156 Ε.
487 2121 635 2157 Phaedr.
659 2134 691 2169 p.
718 2123 801 2164 240,
826 2122 864 2159 C.
906 2123 992 2169 Rep.
1020 2123 1062 2165 V,
1084 2134 1116 2169 p.
1142 2121 1223 2163 464,
1242 2121 1284 2156 E.
1312 2142 1357 2147 ——
1383 2122 1411 2163 Ι,
1441 2121 1495 2163 10,
1528 2122 1543 2156 1
1573 2121 1661 2167 vulg.
1684 2119 1726 2155 τὸ
1748 2121 1943 2166 Κυρεῖον
1967 2119 2225 2167 στρατόπεδον.

144 2181 178 2218 H
199 2178 240 2217 τὸ
265 2176 423 2227 Κύρου
448 2186 542 2225 στρ.,
573 2179 668 2228 quod
693 2179 1038 2229 interpretamentum
1061 2191 1136 2217 esse
1165 2190 1263 2216 nemo
1289 2190 1359 2215 non
1381 2178 1492 2227 primo
1517 2177 1684 2226 adspectu
1706 2177 1800 2214 vidit.
1828 2198 1875 2206 -
1906 2178 1942 2222 Ι,
1970 2178 2031 2223 10,
2059 2178 2102 2216 18
2139 2180 2225 2228 vulg.

144 2238 186 2276 τὸ
212 2236 469 2286 στρατόπεδον.
514 2238 648 2274 HFEt
671 2236 712 2274 τὸ
739 2236 1000 2286 στράτευμα,
1028 2239 1123 2286 quod
1147 2238 1208 2275 etsi
1233 2237 1451 2274 manifestum
1480 2249 1554 2273 esse
1588 2237 1930 2284 interpretamentum
1958 2237 2028 2285 jam
2056 2239 2222 2274 Hutchin-

145 2311 247 2335 sonus
274 2296 531 2345 significaverat,
558 2299 673 2331 tamen
695 2308 714 2332 a
738 2296 928 2346 Dindorfio,
952 2297 1117 2345 Poppone
1140 2302 1174 2333 et
1192 2296 1359 2332 Hertlim‘o
1383 2299 1558 2342 receptum
1587 2305 1661 2330 esse
1687 2294 1742 2329 vix
1773 2293 1969 2330 credideris.

318 2356 441 2403 Neque
473 2354 547 2391 aliis
578 2354 666 2391 alius
692 2354 826 2401 generis
854 2354 1129 2392 correctionibus
1164 2354 1319 2391 meliores
1351 2353 1427 2389 libri
1463 2352 1714 2389 abstinuerunt.
1766 2353 1801 2395 Ι,
1826 2352 1865 2396 2,
1890 2353 1933 2389 21
1964 2353 2053 2402 vulg.
2079 2351 2223 2396 ὁδὸς-

147 2413 334 2464 ἆμήχανος
359 2414 544 2459 εἰςελθεῖν.
595 2413 667 2450 HF
681 2412 756 2449 ΕΙ)
771 2413 827 2450 V2
855 2410 1056 2461 ἀμήχανον,
1083 2413 1176 2463 quod
1192 2413 1466 2451 Bornemannum
1491 2423 1643 2448 servasse
1670 2422 1771 2459 aegre
1795 2411 1923 2448 credas.
1957 2412 1999 2448 V.
2013 2413 2225 2451 Kithnerum.

147 2497 194 2503 —-
218 2474 304 2511 lbid.
325 2475 413 2523 vulg.
436 2472 574 2521 ἐλέγετο
600 2469 821 2508 Συέννεσιν
841 2468 937 2508 εἶναι
960 2471 1021 2509 ἐπὶ
1040 2474 1116 2509 τῶν
1135 2470 1259 2520 ἄκρων
1280 2468 1546 2520 φυλάττοντα
1567 2468 1634 2517 τὴν
1653 2467 1831 2517 εἰςβολήν.
1882 2471 1915 2506 Η
1929 2471 1956 2507 F
1970 2472 2000 2508 E
2014 2472 2045 2508 D
2060 2471 2083 2509 S
2108 2472 2227 2509 Συέν-

147 2543 260 2578 νεσις
274 2555 317 2561 —
333 2531 559 2582 φυλάττων,
581 2531 675 2580 quod
699 2530 817 2567 manui
841 2531 1025 2580 corrigenti
1050 2530 1292 2580 assignandum
1315 2541 1388 2567 esse
1411 2529 1487 2566 luce
1512 2527 1595 2564 mihi
1622 2528 1746 2565 clarius
1768 2528 1915 2566 videtur.
1963 2531 2094 2567 Tamen
2122 2532 2229 2569 solius

149 2595 302 2641 Kriiqeri
327 2593 493 2641 judicium
523 2591 676 2628 sobrium
702 2589 907 2637 scripturam
931 2590 1153 2627 subditiciam
1179 2588 1378 2637 repudiavit.
1403 2608 1449 2614 —
1472 2588 1507 2630 Ι,
1530 2587 1571 2630 2,
1596 2587 1644 2623 22
1669 2588 1761 2635 vulg·
1783 2588 1999 2635 κατέβαινεν
2024 2591 2076 2634 εἰς
2101 2592 2230 2628 πεδίον

326 2685 375 2717 ¹⁵)
395 2682 580 2712 Foster-iore
603 2682 674 2710 loco
695 2680 865 2709 secundum
893 2679 976 2708 illam
999 2680 1153 2708 rationem
1175 2679 1204 2708 in
1225 2679 1273 2707 ed.
1296 2685 1364 2707 mea
1389 2677 1530 2705 scribere
1553 2677 1701 2706 debebam
1722 2674 1764 2712 ὥς
1785 2674 1932 2715 ἤρξαντο.

328 2733 376 2766 ¹⁶)
397 2733 570 2761 nolendum
590 2732 669 2759 hunc
690 2730 787 2758 virum
808 2728 973 2764 eximium,
1005 2736 1096 2763 quum
1124 2728 1154 2756 in
1181 2728 1254 2755 edit.
1280 2725 1351 2762 maj.
1379 2733 1460 2754 unus
1490 2726 1624 2754 omnium
1655 2727 1853 2756 verissimam
1881 2729 2074 2757 factitandae
2099 2731 2231 2758 criticae

151 2778 231 2807 viam
256 2780 392 2817 iniisset,
417 2790 445 2810 in
469 2781 543 2811 edii.
567 2780 698 2815 minore,
721 2785 799 2815 quae
821 2785 849 2807 a.
874 2777 945 2805 18⁴5
967 2777 1093 2812 prodiit,
1111 2784 1329 2812 nonnunquam
1352 2776 1389 2804 ad
1412 2775 1523 2811 pejora
1545 2776 1693 2806 rediisse.
1979 2815 1999 2837 ὖ
