2549 3279
1247 90 1270 125 4

210 214 321 249 μενος
341 201 391 248 μὴ
413 196 584 247 πρόσθεν
607 197 845 243 παύσασθαι,
880 196 973 246 πρὶν
1004 194 1141 241 αὐτοὺς
1164 194 1401 245 καταγάγοι
1428 196 1575 244 οἴκαδε,
1609 198 1645 236 in
1669 198 1787 237 HFE
1813 203 1867 237 est
1886 195 2066 246 κατάγοι
2091 198 2114 236 i.
2136 210 2165 236 e.
2187 199 2308 249 prim·

211 273 313 311 quam
332 259 480 295 duceret.
521 257 630 303 Quod
651 257 774 295 vitium
798 257 1037 306 gravissimum
1059 268 1080 292 a
1098 256 1343 293 Romanunm
1366 256 1545 305 rejectum,
1567 269 1587 293 a
1604 258 1768 308 Poppom
1788 258 1987 300 devitatum,
2012 269 2031 293 a
2048 258 2207 306 Kriiqero
2227 269 2308 306 pro-

212 321 368 368 fligatum
393 319 425 367 ⁷)
453 318 657 355 Kahnerum
678 322 796 354 tamen
820 315 1004 365 Dt'ndorfio
1030 314 1121 352 male
1148 313 1412 364 morigerantem
1439 315 1633 355 restituisse
1658 316 1743 355 mihi
1769 329 1840 356 non
1867 316 2041 361 medem,
2078 315 2145 353 nisi
2171 316 2206 354 in
2234 315 2307 367 ipsa

213 378 285 426 ejus
310 377 466 414 editione
490 376 722 425 perscriptum
748 375 887 423 legeres.

386 437 415 479 1,
438 436 473 479 2,
501 436 546 472 15
576 435 681 482 vulgo
706 430 800 482 (εἶχε)
827 431 869 470 τὸ
892 430 1088 480 εὐώνυμον
1111 430 1304 479 Κλέαρχος
1327 432 1392 470 καὶ
1413 434 1453 471 οἱ
1477 433 1633 472 ἐκείνου.
1678 434 1840 472 HFED
1854 434 2072 472 V123etY
2091 432 2130 470 οἰ
2151 431 2190 479 ἐξ
2215 432 2306 472 ἐκεί-

206 509 287 532 νου.
335 493 430 532 Μετ’
457 493 623 538 ἐκείνου,
660 490 759 541 ἀμφὶ
783 490 944 537 ἐκεῖνον,
979 490 1065 540 περὶ
1086 490 1230 529 ἐκεῖνον
1250 493 1369 531 omnia
1394 493 1598 536 tolerarem:
1637 492 1678 532 ἐκ
1702 498 1819 532 autem
1844 493 1880 530 in
1904 493 2031 531 talibus
2051 493 2305 543 ineptissimum

207 566 285 591 esse
307 566 411 591 nemo
437 565 509 589 non
537 551 706 588 serviliter
729 551 888 587 addictus
912 550 1116 587 melioribus
1140 551 1213 587 istis
1238 552 1335 588 libris
1359 552 1577 589 infitiabitur.
1626 554 1750 601 Neque
1774 553 1958 600 quisquam
1982 565 2113 596 eorum,
2137 553 2198 600 qui
2212 556 2306 590 Ana-

207 612 308 649 basin
334 611 532 654 edidemnt,
555 609 848 659 praepositionem
872 609 963 645 illam
990 609 1182 645 mirabilem
1208 620 1227 644 e
1252 609 1364 658 prima
1387 611 1566 660 sequentis
1589 610 1748 648 vocabuli
1772 610 1902 659 syllaba
1925 616 2035 647 ortam
2060 610 2095 647 in
2119 610 2223 647 fidem
2250 623 2304 647 re·

208 671 300 720 cepit
327 675 466 719 praeter
494 669 706 706 Kiilmemm.

383 730 411 772 I,
433 729 467 771 2,
499 728 542 764 16
566 739 629 775 pro
654 726 795 774 vulgato
820 720 922 772 εἶχον
937 748 980 754 -
995 727 1153 773 χιτῶνας
1180 728 1378 774 φοινικοῦς
1422 727 1599 764 HFEEt
1622 723 1724 774 εἶχον
1747 740 1779 774 χ.
1805 728 2092 776 φοινικέους,
2125 728 2219 777 quod
2243 740 2303 765 vo-

207 788 371 825 cabulum
397 785 625 834 Xenophonti
654 795 797 833 prorsus
822 783 999 820 insuetum
1027 785 1242 832 omninoque
1270 786 1486 822 rarissimum
1508 785 1575 821 hoc
1602 785 1663 821 tibi
1690 785 1767 821 loco
1794 785 1982 833 improbari
2008 793 2102 823 certo
2128 787 2210 822 scio.
2258 787 2305 822 Et

206 859 289 883 vero
316 846 429 883 solum
455 845 658 882 Ku'lmerum
681 855 797 891 neque
822 843 1070 892 Xenophontis
1098 843 1317 881 consuetudo
1342 856 1457 893 neque
1482 843 1652 882 Herodoti
1678 843 1761 892 (IX,
1784 844 1844 892 22)
1872 842 1996 881 κιθών
2029 845 2218 894 φοινίκεος
2244 857 2302 882 ne-

206 917 274 955 que
301 903 608 954 grammaticorum
631 907 788 939 veterum
816 902 1056 939 testimonium
1082 914 1101 938 a
1130 902 1371 939 Bornemanno
1394 903 1537 939 citatum
1564 913 1785 939 commovere
1810 902 1944 950 potuit,
1983 908 2023 939 ut
2052 916 2071 940 a
2107 905 2203 941 libris
2232 917 2301 941 me-

206 965 354 1001 lioribus
379 975 454 1000 sese
477 963 650 999 avelleret.

380 1022 408 1065 1,
429 1021 464 1065 2,
490 1021 539 1058 22
563 1021 595 1057 Η
610 1020 680 1057 FE
696 1020 786 1057 DEt
800 1020 851 1056 Vl
870 1019 939 1057 SY
965 1031 1028 1069 pro
1053 1019 1188 1068 vulgato
1213 1016 1382 1065 ἐμπλέων
1407 1032 1498 1056 novo
1523 1019 1691 1056 vocabulo
1717 1019 1751 1056 in
1779 1020 1931 1068 linguam
1965 1019 2133 1057 Graecam
2159 1021 2302 1058 inducto

204 1079 430 1127 συμπλέων.
481 1081 668 1122 Memorat,
694 1091 764 1114 non
790 1079 932 1126 probat,
957 1084 998 1115 ut
1025 1078 1112 1115 falso
1136 1077 1236 1114 refert
1255 1079 1538 1121 Bornemannus,
1563 1078 1651 1114 hanc
1671 1078 1919 1115 nonnullorum
1944 1079 2103 1116 codicum
2131 1079 2197 1116 hoc
2223 1081 2301 1117 loco

205 1139 409 1188 scripturam
435 1138 638 1188 Schaefems
662 1136 706 1174 ad
733 1137 838 1185 Greg.
869 1136 950 1173 Cor.
976 1148 1009 1184 p.
1037 1136 1116 1172 165.
1167 1136 1384 1184 Receperunt
1409 1141 1544 1185 praeter
1565 1147 1674 1172 unum
1702 1136 1899 1186 Popponem
1927 1138 2141 1187 Dindorfius,
2168 1138 2300 1174 Borne-

203 1210 373 1241 mannus,
404 1199 616 1240 Hertlim'us,
641 1197 828 1233 Kalmems
853 1201 906 1239 et,
944 1195 1039 1243 quod
1066 1195 1286 1232 vehementer
1310 1195 1436 1239 miror,
1461 1196 1564 1232 etiam
1595 1196 1781 1244 Kruqerus.
1832 1196 1910 1244 Ego
1935 1208 2036 1262 vgro,
2063 1209 2170 1245 quum
2203 1195 2243 1233 ἐν
2266 1201 2301 1234 et

203 1254 275 1293 σύν
297 1256 403 1293 toties
429 1256 520 1293 inter
544 1268 582 1293 se
608 1259 851 1304 permutentur
877 1256 918 1302 (v.
945 1254 1099 1291 ΚᾱΙιηεν.
1126 1253 1167 1290 ad
1196 1254 1259 1297 ΙΙΙ,
1282 1253 1317 1297 5,
1341 1254 1386 1302 Ἰ),
1411 1259 1552 1303 propter
1575 1254 1679 1290 unius
1705 1253 1835 1290 librarii
1861 1254 2140 1291 allucinationem
2168 1267 2298 1291 sermo-

203 1327 283 1351 nem
310 1315 483 1352 Graecum
518 1315 691 1350 vocabulo
725 1314 792 1349 isto
824 1326 895 1349 non
924 1325 1000 1348 esse
1033 1313 1211 1348 ditandum
1248 1325 1392 1355 censeo,
1429 1326 1493 1349 nec
1517 1313 1640 1349 dubito
1674 1313 1758 1360 quin
1784 1317 1819 1349 te
1843 1312 1907 1350 hac
1931 1314 1964 1350 in
1991 1326 2028 1351 re
2053 1314 2298 1351 assentientem

205 1375 360 1411 habeam.
412 1375 454 1410 V.
483 1379 601 1410 annot.
628 1373 670 1410 ad
697 1385 730 1420 p.
761 1372 815 1409 13.

374 1432 401 1476 I,
414 1432 448 1476 2,
461 1432 508 1469 27
524 1431 629 1479 vulgo
654 1431 782 1479 Κῦρος
797 1428 934 1478 (ἔδωκε)
950 1428 1019 1478 τὴν
1037 1428 1164 1477 χώραν
1183 1428 1309 1476 μηκέτι
1327 1427 1569 1476 ἁρπάζεσθαι,
1595 1441 1685 1478 quae
1709 1431 1841 1478 integra
1867 1442 1943 1466 esse
1970 1443 2040 1465 non
2067 1444 2167 1479 posse
2194 1437 2299 1479 patet,

200 1491 372 1538 siquidem
397 1491 595 1539 dirtpiendi
616 1490 734 1532 notio,
760 1502 852 1537 quae
875 1489 929 1525 hic
956 1489 1166 1537 requiritur,
1189 1501 1208 1524 a
1230 1488 1377 1536 simplici
1403 1484 1579 1534 ἁρπάζειν
1601 1501 1743 1537 prorsus
1768 1489 1942 1527 abhorret.
1993 1492 2042 1526 At
2068 1489 2170 1527 etiam
2196 1490 2297 1528 vitio·

201 1549 273 1586 sius
300 1548 371 1586 FE
386 1549 418 1586 D
432 1549 479 1586 Et
501 1545 809 1597 άφαρπάζεσθαι,
838 1547 934 1596 quod
957 1559 1068 1596 quum
1094 1546 1286 1596 diripiendi
1310 1546 1342 1582 vi
1365 1557 1479 1594 neque
1504 1558 1659 1595 unquam
1683 1553 1873 1596 usurpetur
1894 1559 2009 1595 neque
2032 1548 2192 1596 usurpari
2218 1560 2297 1596 pos·

200 1609 265 1650 sit,
300 1609 343 1644 ab
373 1608 536 1644 omnibus
572 1607 782 1650 editoribus,
820 1607 847 1643 si
873 1608 1070 1655 Kriiqerum
1092 1606 1282 1654 exceperis,
1321 1605 1511 1642 admissum
1535 1618 1611 1643 esse
1638 1606 1754 1643 mirari
1781 1607 1864 1644 satis
1891 1620 1961 1644 non
1989 1619 2090 1655 queo.
2142 1607 2239 1653 Quin
2264 1608 2297 1645 H

200 1666 357 1703 omnium
383 1665 648 1715 corruptissime
672 1663 963 1714 ἐφαρπάζεσθαι.
1015 1664 1283 1713 Xenophontem
1309 1663 1486 1712 scripsisse
1507 1661 1785 1711 άναρπάζεσθαι
1811 1665 1845 1701 in
1872 1666 2025 1702 editione
2050 1678 2124 1702 mea
2149 1667 2192 1714 (p.
2212 1666 2296 1713 433)

200 1727 341 1774 conjeci,
364 1727 471 1774 idque
497 1738 667 1774 reponere
693 1725 760 1761 hoc
787 1725 905 1761 minus
929 1725 1096 1768 dubitavi,
1123 1736 1226 1772 quum
1248 1719 1424 1770 ἁρπάζειν
1446 1728 1481 1760 et
1504 1721 1730 1772 ἀναρπάζειν
1750 1725 1854 1762 etiam
1879 1725 1905 1768 Ι,
1928 1725 1961 1769 3,
1990 1726 2033 1762 14
2055 1724 2090 1762 in
2117 1724 2296 1763 codicibus

199 1790 395 1833 permutata
419 1784 649 1821 inveniantur.
703 1783 844 1829 Quodsi
862 1784 1025 1821 malueris
1046 1780 1324 1831 διαρπάζεσθαι,
1350 1793 1422 1818 non
1446 1782 1611 1832 refragor,
1633 1795 1712 1820 nam
1738 1783 1841 1820 etiam
1866 1783 1932 1820 hoc
1959 1788 2192 1833 permutatum
2216 1795 2295 1820 cum

199 1843 346 1892 simplici
371 1840 548 1891 ἁρπάζειν
575 1842 748 1891 reperitur
771 1844 798 1886 Ι,
828 1843 883 1885 10,
908 1842 942 1878 3.

374 1903 402 1945 Ι,
423 1902 457 1946 3,
484 1903 528 1938 14
552 1902 655 1950 vulgo
678 1897 730 1945 εἷς
755 1898 833 1938 εἷπε
848 1923 891 1928 -
907 1898 1087 1944 ἐλθόντας
1108 1902 1235 1948 Κῦρον
1259 1900 1378 1937 αἰτεῖν
1406 1901 1529 1936 πλοῖα.
1580 1900 1654 1937 HF
1668 1900 1700 1937 D
1715 1901 1792 1937 etE
1817 1913 1836 1937 a
1861 1912 1910 1950 pr.
1936 1913 1979 1937 m.
2000 1899 2176 1945 ἐλθόντα,
2199 1901 2293 1950 quod

199 1966 269 1996 tam
296 1961 467 1997 absonum
495 1966 558 2003 est,
584 1961 618 1996 id
645 1966 685 1997 ut
709 1972 813 1996 nemo
837 1973 907 1996 non
931 1960 1174 2007 repudiaverit.

374 2018 461 2056 lbid.
491 2019 564 2055 HF
579 2019 607 2056 E
623 2018 798 2056 DEtVS
816 2019 845 2056 Y
873 2015 1037 2067 ἡγεμόνα
1063 2018 1193 2063 αἰτεῖν,
1224 2015 1325 2061 ὅστις
1359 2014 1518 2066 (αὐτοὺς)
1546 2015 1610 2054 διὰ
1637 2018 1701 2064 τῆς
1732 2015 1854 2065 χώρας
1881 2015 2078 2062 ἀποίσει,
2118 2018 2214 2066 quod
2249 2030 2293 2054 ne

197 2079 383 2115 Kiae'lmerus
405 2079 547 2126 quidem
574 2078 728 2126 recipere
753 2091 860 2114 ausus
889 2084 956 2121 est,
991 2078 1118 2114 nedum
1142 2078 1374 2125 reliquorum,
1402 2077 1462 2125 qui
1486 2077 1665 2114 Anabasin
1689 2077 1888 2121 ediderunt,
1916 2077 2099 2125 quisquam
2127 2077 2215 2114 hanc
2241 2077 2292 2114 in-

196 2135 406 2186 eptissimam
434 2136 642 2186 scripturam
673 2134 878 2173 defenderit.
932 2135 1076 2185 Optime
1101 2135 1201 2184 vulgo
1228 2132 1370 2179 ἀπάξει.

370 2198 398 2239 Ι,
426 2197 459 2239 3,
487 2197 531 2232 21
559 2196 697 2244 egregie
723 2196 828 2243 vulgo
854 2195 1020 2232 scribitur
1043 2196 1279 2242 προςαιτοῦσι
1306 2193 1347 2231 δὲ
1368 2194 1457 2242 (τοῖς
1482 2192 1730 2243 στρατιώταις)
1752 2193 1891 2242 μισθὸν
1914 2191 1935 2232 ὁ
1958 2196 2087 2243 Κῦρος
2105 2191 2290 2242 ὑπισχνεῖ-

194 2267 253 2292 ται
275 2256 351 2291 κτλ.
403 2254 519 2301 Quam
548 2254 802 2305 perelegantem
828 2259 863 2292 et
889 2254 989 2304 quasi
1015 2253 1198 2291 rotundam
1225 2252 1412 2290 verborum
1440 2253 1750 2297 constructionem,
1788 2266 1878 2302 quae
1910 2254 2021 2290 multo
2051 2253 2206 2302 profecto
2232 2266 2289 2291 ex-

195 2314 357 2362 quisitior
379 2319 431 2350 est
457 2326 562 2362 quam
589 2326 652 2362 pro
679 2315 819 2362 ingenio
848 2314 1091 2356 librariorum,
1126 2313 1223 2349 foede
1249 2314 1405 2359 corrupit
1431 2325 1470 2348 ac
1494 2313 1649 2349 dissolvit
1675 2313 1832 2350 codicum
1857 2313 2020 2350 HFED
2036 2314 2069 2349 Y
2090 2318 2124 2349 et
2143 2313 2290 2350 Aldinae
2334 2339 2338 2344 -

195 2373 395 2417 consensio,
431 2373 467 2410 in
493 2372 620 2422 quibus
645 2373 694 2411 sic
721 2372 863 2423 legitur:
899 2372 1142 2421 προςαιτοῦσι
1173 2371 1211 2409 δὲ
1240 2369 1291 2420 (οἱ
1315 2370 1547 2419 στρατιῶται)
1571 2368 1727 2419 μισθόν·
1762 2367 1783 2409 ὁ
1808 2370 1857 2409 δὲ
1885 2373 1931 2409 Κ.
1958 2367 2190 2419 ὑπισχνεῖται
2213 2373 2288 2409 κτλ.

192 2431 314 2479 Neque
338 2443 420 2467 vero
448 2432 633 2480 quisquam
667 2438 805 2480 praeter
829 2433 1069 2481 Dindorfium,
1106 2433 1313 2468 Hertlz'm'um
1338 2435 1445 2477 atque
1470 2431 1670 2467 Kic'lmerum
1694 2433 1737 2468 ab
1763 2433 1880 2468 animo
1909 2444 1973 2467 suo
2001 2431 2214 2478 impetravit,
2250 2438 2290 2468 ut

193 2489 281 2526 hanc
307 2490 473 2538 puerilem
502 2490 668 2540 loquendi
695 2490 865 2527 rationem
892 2490 1030 2539 dignam
1058 2490 1294 2539 Xenophonte
1315 2487 1498 2537 judicaret.
1550 2490 1591 2526 V.
1612 2490 1758 2539 Kriiyer.
1783 2490 1827 2527 de
1852 2489 2007 2526 authent.
2032 2502 2064 2538 p.
2091 2489 2148 2527 58.

368 2550 404 2592 Ι,
429 2551 470 2592 4,
500 2549 544 2585 18
566 2561 630 2597 pro
652 2551 791 2597 vulgato
815 2551 962 2592 πλοίοις
994 2550 1070 2585 ΗΕ
1086 2550 1116 2584 D
1150 2549 1355 2591 πλοίοισιν,
1391 2560 1459 2595 qua
1492 2548 1526 2584 in
1552 2548 1660 2586 forma
1688 2550 1743 2586 hic
1770 2548 1990 2597 agnoscenda
2016 2549 2120 2597 paulo
2144 2549 2288 2586 celerior

370 2687 401 2720 ⁷)
425 2688 456 2714 ln
479 2688 613 2723 egregia
633 2687 690 2716 illa
712 2687 860 2717 censura
879 2688 1051 2716 editionum
1075 2687 1368 2721 Dindorfianarum‚
1395 2694 1476 2721 quae
1503 2687 1630 2721 primum
1655 2688 1773 2723 prodiit
1795 2688 1825 2716 iu
1846 2689 1964 2723 ephem.
1987 2689 2033 2717 lit.
2058 2689 2139 2717 Hall.
2161 2697 2189 2716 a.
2211 2690 2286 2717 1826

193 2738 224 2762 et
242 2735 383 2769 repetita
404 2741 455 2765 est
474 2737 506 2764 in
529 2736 664 2775 Krfigcri
684 2737 805 2765 Studiis
828 2736 1221 2774 historico-philologieis
1241 2735 1282 2771 u,
1305 2744 1334 2771 p.
1352 2734 1389 2763 9³
1410 2743 1478 2772 sqq.
1504 2737 1541 2768 V.
1563 2737 1605 2766 ibi
1625 2746 1655 2774 p.
1680 2738 1743 2766 112.
