2549 3279
1204 111 1228 146 5
1272 161 1327 163 ψῃ

170 218 236 256 fuit
257 216 461 255 Halandius
484 229 583 255 meus
612 217 656 254 de
682 217 762 253 dial.
786 216 877 253 Xen.
904 228 938 266 p.
969 217 1024 255 19.
1072 217 1183 254 Recte
1207 228 1328 254 omnes
1352 216 1557 253 Anabaseos
1585 216 1791 266 interpretes
1814 218 1977 256 Kahnero
2010 231 2082 257 non
2116 226 2260 269 excepto

170 277 274 326 hujus
294 276 433 324 quidem
460 276 598 313 ionismi
623 275 797 312 rarissima
821 275 913 323 apud
936 276 1209 324 Xenophontem
1235 276 1378 323 vestigia
1404 288 1587 325 superesse
1614 288 1729 324 neque
1754 277 1914 313 codicum
1942 280 2150 315 auctoritate
2177 279 2260 315 satis

171 335 368 374 confirmari
391 339 599 373 statuerunt.

342 397 378 439 Ι,
401 396 442 438 5,
465 395 488 430 2
512 394 616 441 vulgo
639 393 772 429 editur:
812 391 971 440 δένδρον
992 391 1025 429 δ’
1050 391 1163 431 οὐδὲν
1187 393 1292 442 ἐνῆν,
1327 395 1444 442 θηρία
1470 394 1511 430 δὲ
1533 397 1694 430 παντοῖα
1719 396 1769 442 ⁸),
1795 398 1960 432 πλεῖστοι
1984 396 2052 442 μὲν
2074 398 2111 433 οἱ
2135 396 2261 443 ἄγριοι

168 449 271 500 ὅνοι,
301 450 371 492 οὐκ
395 450 520 500 ὀλίγαι
540 450 581 489 δὲ
606 449 788 500 στρουθοὶ
813 450 855 488 αἱ
877 449 1043 499 μεγάλαι.
1095 452 1261 502 Quinque
1286 451 1377 489 vitiis
1401 452 1456 490 hic
1481 453 1577 490 locus
1598 453 1633 490 in
1663 452 1865 491 melioribus
1889 454 1983 491 libris
2004 455 2258 492 contaminatus

169 518 232 551 est.
281 514 441 551 Primum
471 513 507 549 in
537 512 571 548 Η
597 509 667 559 μέν
694 510 831 548 excidit.
882 511 1019 548 Deinde
1046 511 1082 547 in
1105 511 1369 549 HDEtVSY
1397 512 1563 549 articulus
1589 518 1669 549 ante
1697 510 1822 561 ἄγριοι
1848 511 1947 558 ὄνοι,
1990 526 2094 563 quem
2128 515 2256 550 librarii

169 585 249 610 cum
281 576 445 610 πλεῖστοι
480 571 682 608 consociare
721 571 914 615 nescirent,
953 571 1103 607 omissus
1134 576 1187 607 est
1217 571 1389 618 simulque
1423 572 1558 608 inverso
1588 574 1774 609 verborum
1811 574 1933 609 ordine
1968 575 2133 621 scriptum
2174 572 2257 610 ὄνοι

168 628 294 678 ἄγριοι
320 632 362 679 ⁹),
387 630 421 666 id
446 629 542 677 quod
568 634 700 666 temere
726 629 852 666 imitati
878 633 961 666 sunt
985 640 1106 666 omnes
1127 634 1259 677 praeter
1279 629 1580 671 Bornemannum,·
1604 643 1634 667 v.
1659 630 1758 667 infra.
1809 632 1898 668 Tum
1925 632 2072 668 librariis
2097 631 2256 668 codicum

167 690 242 726 HF
253 690 329 726 ΕΙ)
343 689 390 725 Et
421 685 490 725 οὐκ
513 685 636 735 ὀλίγαι
657 688 692 724 in
715 688 851 724 πολλαί
876 692 1010 725 mutare
1032 687 1180 736 placuit,
1219 700 1287 737 qua
1315 687 1350 723 in
1380 699 1416 723 re
1436 688 1643 725 Hertlim'um
1670 694 1704 725 et
1725 689 1929 726 Kahnerum
1951 689 2097 725 celerius
2123 690 2257 726 obtem-

168 755 329 798 perantes
365 747 573 784 habuerunt.
630 747 718 784 Post
752 749 788 784 in
821 747 855 783 H
889 746 1057 783 articulus
1088 751 1167 783 ante
1196 745 1345 795 μεγάλοι
1377 751 1551 795 postrema
1580 748 1816 796 praecedentis
1848 749 2008 785 vocabuli
2038 750 2164 798 syllaba
2198 750 2257 786 ab—

168 812 308 854 sorptus
339 811 402 843 est.
452 806 509 842 Ad
536 810 728 842 extremum
752 806 915 842 HFED
940 805 1241 842 struthiocamelos
1262 817 1376 842 mares
1401 817 1475 841 esse
1497 806 1621 853 jubent
1648 806 1780 842 πολλοὶ
1810 808 1991 853 στρουθοὶ
2019 809 2078 855 (οἱ)
2106 808 2258 854 μεγάλοι

168 865 386 915 praebentes,
411 869 455 910 et,
484 864 579 915 quod
603 864 819 915 perlepidum
845 868 908 908 est,
929 862 1105 901 EtVSY
1130 863 1197 901 hoc
1220 862 1344 901 imitati
1369 864 1500 900 πολλοί
1525 864 1665 914 quidem
1691 870 1887 910 exararunt,
1913 866 1973 903 sed
1999 866 2041 902 αἱ
2060 864 2217 915 μεγάλαι
2240 880 2257 903 e

168 924 319 972 genuina
341 926 511 973 scriptura
536 924 763 972 reliquerunt.
812 924 941 959 Passer
963 923 1105 971 quidem
1132 923 1280 970 vulgaris
1304 922 1375 958 sere
1401 928 1453 959 est
1477 920 1497 959 ὁ
1522 922 1717 971 στρουθός,
1742 926 2048 961 struthiocamelus
2074 932 2203 969 autem,
2232 927 2259 961 si

169 983 391 1021 Aristotelem
418 983 597 1028 exemeris,
620 982 681 1031 qui
705 982 748 1020 de
768 982 863 1019 Part.
887 981 1004 1020 Anim.
1025 981 1088 1026 lv,
1114 982 1159 1019 14
1181 981 1310 1031 vulgari
1335 981 1465 1030 passeri
1489 983 1634 1031 opponit
1660 980 1848 1031 στρουθὸν
1867 982 1932 1021 τὸν
1958 982 2141 1032 Λιβυκόν,
2166 985 2258 1034 apud

167 1054 289 1079 omnes
313 1042 511 1090 scriptores,
533 1041 702 1089 imprimis
715 1041 912 1084 Aelianum,
938 1040 1107 1077 feminino
1127 1053 1246 1088 genere
1269 1045 1322 1077 est
1340 1037 1363 1087 ἡ
1384 1039 1569 1088 στρουθός
1591 1042 1642 1078 vel
1667 1041 1850 1088 στρουθὸς
1873 1040 1896 1090 ἡ
1918 1043 2065 1090 μεγάλη.
2118 1045 2159 1079 V.
2188 1045 2254 1079 Pa-

165 1102 265 1151 pium
297 1101 331 1138 in
360 1101 424 1138 lex.
450 1114 477 1138 s.
503 1114 533 1138 v.
558 1099 830 1148 Xenophontem
861 1099 985 1148 utique
1011 1098 1100 1136 hanc
1124 1111 1221 1136 avem
1244 1098 1399 1136 seminini
1429 1100 1562 1148 generis
1591 1113 1666 1137 esse
1693 1101 1843 1138 voluisse
1869 1102 2127 1139 evidentissimo
2155 1114 2256 1150 argu—

169 1165 286 1196 mento
312 1164 366 1196 est
389 1157 575 1207 στρουθὸς
599 1157 790 1206 φεύγουσα
813 1160 832 1205 §
858 1158 890 1194 3.

341 1219 376 1262 Ι,
400 1218 441 1262 5,
467 1216 490 1255 8
532 1215 696 1255 ἐκέλευσε
717 1217 866 1266 (Κῦρος)
888 1214 976 1260 τοὺς
1002 1214 1088 1264 περὶ
1113 1213 1226 1254 αὐτὸν
1250 1213 1401 1264 Πέρσας
1430 1218 1730 1254 συνεπισπεῦσαι.
1783 1218 1840 1256 Sic
1871 1218 1985 1266 vulgo.
2037 1219 2197 1256 HFED
2212 1219 2254 1256 Et

168 1274 526 1313 συνεπισπεύσειν.
577 1277 618 1312 Id
653 1288 736 1312 vero
765 1276 1015 1312 alienissimum
1045 1287 1121 1312 esse
1151 1275 1217 1312 hoc
1244 1276 1320 1312 loco
1357 1287 1478 1311 omnes
1510 1287 1582 1313 uno
1614 1278 1858 1314 Bornemanno
1895 1283 2038 1326 excepto
2075 1289 2256 1326 perspexe-

167 1342 259 1374 runt.

342 1394 369 1440 Ι,
390 1394 424 1439 5,
448 1394 493 1432 15
514 1393 616 1442 vulgo
638 1391 679 1430 ἐν
695 1390 814 1443 τούτῳ
838 1391 879 1430 δὲ
907 1391 1006 1429 ἐπεὶ
1030 1385 1111 1441 ἧκε
1136 1393 1261 1441 Κῦρος
1283 1390 1348 1429 καὶ
1373 1390 1531 1430 ἐπύθετο
1553 1391 1595 1431 τὸ
1615 1395 1778 1442 πρᾶγμα,
1803 1392 1918 1439 εὐθὺς
1943 1393 2046 1442 ἔλαβε
2069 1392 2112 1430 τὰ
2137 1392 2257 1431 παλτὰ

167 1454 231 1490 καὶ
247 1448 336 1501 ἧκεν
356 1451 525 1489 ἐλαύνων
546 1454 598 1495 εἰς
620 1450 662 1488 τὸ
682 1451 807 1499 μέσον.
853 1452 921 1488 Sed
943 1453 1083 1488 HDEt
1108 1451 1149 1487 ἐν
1171 1450 1286 1500 τούτῳ
1308 1451 1349 1486 δὲ
1375 1450 1498 1498 ἐπῄει
1521 1452 1598 1488 καὶ
1618 1455 1745 1500 Κῦρος
1765 1454 1828 1489 καὶ
1851 1453 2007 1490 ἐπύθετο
2028 1452 2068 1489 τὸ
2090 1455 2254 1500 πρᾶγμα,

167 1510 284 1558 εὐθὺς
308 1510 341 1551 δ’
371 1511 476 1560 ἔλαβε
503 1509 548 1550 τὰ
572 1524 608 1549 π.
632 1513 728 1557 κτλ,
761 1510 807 1549 ita
831 1515 968 1556 tamen,
1000 1515 1042 1548 ut
1066 1510 1114 1548 Et
1136 1509 1337 1560 particulam
1362 1508 1402 1547 δέ
1429 1516 1507 1560 post
1532 1507 1647 1556 εὐθύς
1669 1512 1801 1561 vulgari
1827 1513 2020 1563 scripturae
2048 1513 2255 1550 subveniens

167 1572 306 1608 omittat
329 1576 364 1607 et
387 1572 421 1607 H
446 1571 585 1607 duobus
610 1570 789 1619 particulis
817 1570 954 1606 omissis
978 1569 1026 1605 nil
1057 1570 1124 1605 nisi
1157 1569 1198 1605 ἐν
1219 1567 1334 1617 τούτῳ
1358 1568 1457 1616 ἐπήει
1484 1571 1610 1617 Κῦρος
1641 1571 1776 1607 haheat.
1826 1573 1891 1607 Est
1920 1572 1974 1607 hic
2005 1572 2103 1607 locus
2132 1584 2174 1607 ex
2203 1572 2255 1612 iis,

166 1631 227 1669 ubi
256 1643 374 1668 ansam
402 1629 638 1679 corruptionis
668 1629 764 1667 dedit
791 1628 989 1673 itacismus,
1025 1640 1097 1677 quo
1131 1626 1208 1665 ἐπεὶ
1236 1620 1298 1676 ἧκε
1323 1632 1358 1665 et
1382 1625 1482 1676 ἐπήει
1507 1628 1572 1666 καί
1597 1628 1766 1666 simillime
1792 1629 2119 1678 pronuntiabantur.
2172 1630 2254 1675 Quo

167 1689 421 1739 depravationis
448 1700 572 1736 genere
595 1688 680 1724 nihil
706 1688 934 1736 frequentius.
983 1688 1026 1723 V.
1053 1687 1132 1723 infr.
1157 1687 1200 1723 ad
1223 1688 1247 1730 Ι,
1264 1686 1297 1730 8,
1313 1686 1345 1722 6.
1366 1688 1420 1723 13.
1440 1688 1493 1723 19.
1510 1688 1557 1724 22
1584 1692 1619 1724 et
1645 1700 1734 1735 quae
1761 1689 1793 1723 in
1822 1689 1983 1725 editionis
2007 1701 2105 1725 meae
2128 1701 2255 1736 appen-

166 1750 241 1788 dice
267 1748 387 1787 critica
413 1748 456 1785 ad
485 1749 554 1793 IV,
578 1747 611 1792 5,
640 1747 695 1785 19.
725 1747 771 1792 V,
798 1747 831 1792 7,
855 1746 886 1784 7.
920 1746 969 1792 V,
990 1746 1031 1792 9,
1055 1746 1100 1784 31
1129 1746 1208 1785 dixi.
1255 1745 1390 1783 Ambas
1419 1751 1533 1784 autem
1558 1746 1746 1796 scripturas
1768 1747 1900 1796 integre
1927 1747 2103 1797 libereque
2125 1748 2255 1797 ponde-

166 1808 255 1845 ranti
280 1808 343 1845 tibi
369 1808 471 1844 credo
493 1818 698 1856 persuasum
725 1807 791 1843 erit
816 1818 887 1842 non
912 1817 999 1850 eam,
1021 1817 1126 1855 quam
1156 1806 1233 1842 libri
1255 1805 1312 1841 isti
1339 1806 1499 1842 meliores
1522 1806 1755 1854 suppeditant,
1779 1819 1898 1843 verum
1926 1819 2012 1851 eam,
2040 1819 2130 1855 quae
2154 1808 2256 1856 vulgo

166 1868 302 1916 legitur,
326 1867 595 1915 Xenophontem
619 1870 797 1902 auctorem
821 1865 959 1901 habere.
1012 1865 1109 1901 Illam
1131 1865 1221 1901 enim
1245 1877 1380 1901 mecum
1407 1865 1535 1901 senties
1560 1865 1686 1901 mirum
1711 1878 1816 1914 quam
1841 1878 1961 1914 sapere
1985 1879 2126 1902 manum
2155 1867 2254 1903 libra-

166 1927 207 1963 rii
233 1926 465 1974 omninoque,
488 1930 529 1961 ut
554 1929 647 1961 recte
670 1928 790 1960 monet
809 1924 1009 1973 Kri‘a'qerus,
1034 1924 1083 1959 sic
1106 1928 1238 1960 tantum
1265 1923 1383 1972 aliquo
1409 1924 1515 1960 modo
1540 1924 1754 1960 tolerandam
1780 1924 1872 1967 sore,
1898 1925 1926 1960 si
1952 1925 2118 1972 scriptum
2147 1931 2255 1961 esset:

166 1984 268 2034 ἐπήει
291 1984 382 2030 [καὶ]
408 1986 534 2031 Κῦρος
557 1983 621 2020 καὶ
647 1981 742 2020 ἐπεὶ
768 1981 926 2020 ἐπύθετο
945 1980 986 2019 τὸ
1008 1983 1175 2030 πρᾶγμα,
1197 1979 1310 2026 εὐθὺς
1334 1981 1440 2030 ἔλαβε
1470 1984 1564 2028 κτλ.,
1591 1983 1681 2020 hanc
1708 1989 1824 2020 autem
1853 1983 1909 2019 illa
1935 1984 2045 2020 multo
2074 1984 2254 2032 aptiorem.

168 2045 430 2094 elegantiorem,
450 2042 708 2086 rotundiorem,
734 2042 1017 2090 exquisitiorem,
1044 2042 1188 2078 omnino
1209 2041 1443 2089 Xenophonte
1469 2041 1660 2089 digniorem
1686 2054 1761 2077 esse
1785 2042 1954 2089 largieris:
1991 2054 2104 2089 neque
2134 2054 2255 2089 quem-

166 2117 270 2154 quam
298 2104 333 2140 in
358 2102 480 2139 eodem
507 2102 613 2138 verbo
643 2101 696 2138 bis
720 2101 884 2150 deinceps
909 2106 1079 2151 usurpato
1102 2101 1335 2150 exemplorum
1366 2113 1386 2138 a
1412 2101 1571 2150 Kric'qero
1597 2101 1780 2138 allatorum
1810 2113 1997 2138 memorem
2028 2100 2169 2137 haerere
2201 2113 2253 2137 ar—

166 2164 286 2200 bitror.
340 2160 446 2205 Quod
471 2165 588 2195 autem
609 2160 685 2195 libri
711 2160 874 2195 meliores
898 2160 1009 2208 pejori
1035 2160 1225 2208 scripturae
1249 2158 1363 2195 favere
1388 2159 1580 2201 videantur,
1608 2165 1781 2194 memento
1808 2160 1928 2194 codice
1951 2160 1989 2200 F,
2016 2159 2076 2205 qui
2098 2159 2253 2194 omnium

166 2223 348 2261 meliorum
373 2220 540 2257 librorum
562 2218 716 2267 optimus
733 2218 944 2268 judicandus
967 2224 1030 2264 est,
1053 2219 1253 2268 neutiquam
1276 2218 1368 2255 illam
1391 2217 1514 2255 fulciri.

341 2281 373 2322 Ι,
399 2279 437 2321 6,
468 2278 511 2313 10
536 2277 640 2324 vulgo
666 2275 756 2323 μετὰ
780 2279 897 2313 ταῦτα
923 2277 1099 2325 ἐλάβοντο
1127 2279 1190 2325 τῆς
1215 2275 1327 2324 ζώνης
1350 2275 1416 2312 τὸν
1443 2275 1619 2323 Ὀρόντην
1646 2274 1704 2310 ἐπὶ
1728 2274 1881 2324 θανάτῳ
1907 2274 2076 2318 ἅπαντες.
2128 2277 2201 2312 ΗΕ
2216 2277 2247 2312 D

165 2342 319 2388 ἔλαβον,
362 2338 456 2388 quod
489 2337 664 2374 soloecum
692 2348 768 2372 esse
798 2349 870 2374 non
896 2336 1045 2385 ignoras.
1094 2337 1137 2374 V.
1166 2337 1272 2384 Κνήφ
1303 2349 1353 2384 gr.
1377 2348 1425 2383 gr.
1457 2335 1486 2382 ξ.
1518 2335 1581 2378 47,
1616 2334 1677 2377 13,
1710 2339 1781 2371 not.
1808 2335 1840 2371 9..
1893 2334 2014 2372 Sanxit
2042 2335 2106 2371 hoc
2130 2335 2252 2372 vitium

166 2399 349 2450 Dindorfio
377 2396 465 2434 duce
491 2396 591 2433 etiam
612 2394 814 2439 Kiilmerus,
841 2394 971 2433 invitus
991 2394 1151 2445 quidem,
1175 2395 1232 2433 sed
1253 2399 1368 2431 tamen
1392 2393 1513 2430 sanxit.
1563 2394 1668 2435 ‚‚At‚“
1695 2392 1808 2440 inquit
1831 2393 2031 2437 Iffllmerus,
2061 2393 2111 2437 „si
2132 2394 2254 2431 Xeno—

165 2461 261 2509 phon
291 2458 403 2495 media
429 2457 539 2492 forma
563 2467 649 2491 usus
673 2454 811 2497 fuisset,
853 2455 928 2491 sine
956 2456 1064 2492 dubio
1090 2456 1280 2503 scripturus
1309 2455 1390 2490 suit:
1427 2451 1604 2499 ἐλάβοντο
1631 2453 1693 2498 τῆς
1717 2451 1831 2498 ζώνης
1854 2454 1921 2488 τοῦ
1945 2450 2157 2499 Ὀρόντου.“
2202 2455 2255 2490 lta

166 2531 247 2556 vero
274 2515 468 2566 scripsisset
498 2514 526 2551 si
552 2513 664 2550 dicere
689 2512 871 2557 voluisset,
903 2513 998 2562 quod
1025 2513 1080 2550 hic
1106 2526 1176 2550 non
1201 2516 1317 2561 aptum
1343 2516 1377 2548 et
1404 2523 1485 2547 vero
1513 2510 1616 2546 etiam
1642 2510 1841 2558 ambiguum
1868 2510 1973 2547 soret:
2002 2513 2255 2561 prehendebant

166 2578 340 2627 cinyulum
361 2575 512 2619 Orontis,
537 2576 590 2619 fic
612 2574 743 2619 fafitcn
767 2574 835 2609 ben
852 2574 998 2609 &firtel
1024 2576 1088 2610 διδ
1112 2574 1184 2610 Dr.
1237 2571 1337 2616 Quae
1362 2582 1444 2607 sane
1465 2569 1642 2607 tritissima
1665 2569 1802 2607 dicendi
1830 2570 1918 2607 ratio
1942 2576 2042 2608 esset.
2094 2576 2142 2609 At
2163 2572 2254 2608 enim

341 2677 373 2711 ³)
394 2675 513 2703 Nescio
534 2673 588 2709 qui
609 2674 724 2701 factum
745 2673 805 2709 sit,
830 2675 864 2700 ut
887 2680 950 2700 vox
970 2673 1107 2701 παντοῖα
1125 2673 1156 2700 in
1179 2671 1317 2701 editione
1340 2678 1408 2699 mea
1427 2670 1593 2698 exciderit.

341 2724 373 2760 ⁹)
395 2724 457 2751 ΓΕ
481 2727 583 2751 utrum
605 2718 672 2750 ὄνοι
694 2719 723 2748 οὶ
741 2716 843 2757 ἄγριοι
861 2721 1008 2756 habeant,
1028 2721 1111 2748 sicut
1133 2721 1358 2748 Bor-viemannus
1379 2719 1486 2754 edidit,
1507 2726 1546 2745 an
1568 2715 1636 2746 ὄνοι
1656 2719 1777 2748 omisso
1799 2721 1902 2748 solum
1925 2718 1955 2748 οὶ
1976 2717 2088 2757 ἄγριοι,
2109 2721 2253 2748 divinari·

166 2781 227 2801 non
250 2773 348 2809 potui.
390 2773 518 2802 Certum
542 2775 647 2801 autem
668 2770 833 2800 articulum
856 2776 929 2806 non,
948 2772 983 2798 ut
1003 2770 1105 2799 refert
1126 2768 1300 2804 ΚῦΙιηει-ιιε,
1321 2767 1414 2796 etiam
1436 2767 1467 2796 in
1491 2767 1515 2796 F
1532 2768 1556 2796 Ε
1578 2769 1707 2798 abesse.
