<?xml version="1.0" encoding="UTF-8"?>
<!DOCTYPE html PUBLIC "-//W3C//DTD XHTML 1.0 Transitional//EN"
    "http://www.w3.org/TR/xhtml1/DTD/xhtml1-transitional.dtd">
<html xmlns="http://www.w3.org/1999/xhtml" xml:lang="en" lang="en">
 <head>
  <title>
</title>
<meta http-equiv="Content-Type" content="text/html;charset=utf-8" />
  <meta name='ocr-system' content='tesseract 3.04.00' />
  <meta name='ocr-capabilities' content='ocr_page ocr_carea ocr_par ocr_line ocrx_word'/>
</head>
<body>
  <div class='ocr_page' id='page_1' title='image "4774686_0022.png"; bbox 0 0 2549 3279; ppageno 0'>
   <div class='ocr_carea' id='block_1_1' title="bbox 1296 72 1379 126">
    <p class='ocr_par' dir='ltr' id='par_1_1' title="bbox 1296 72 1379 126">
     <span class='ocr_line' id='line_1_1' title="bbox 1296 72 1379 126; baseline 0 -18"><span class='ocrx_word' id='word_1_1' title='bbox 1296 72 1379 126; x_wconf 43' lang='grc' dir='ltr'><strong>14μ</strong></span> 
     </span>
    </p>
   </div>
   <div class='ocr_carea' id='block_1_2' title="bbox 261 175 2355 2339">
    <p class='ocr_par' dir='ltr' id='par_1_2' title="bbox 269 175 2355 518">
     <span class='ocr_line' id='line_1_2' title="bbox 271 175 2352 226; baseline -0 -11"><span class='ocrx_word' id='word_1_2' title='bbox 271 176 518 225; x_wconf 76' lang='lat' dir='ltr'><strong>consequitur,</strong></span> <span class='ocrx_word' id='word_1_3' title='bbox 551 175 658 225; x_wconf 90' lang='lat' dir='ltr'><strong>idque</strong></span> <span class='ocrx_word' id='word_1_4' title='bbox 680 181 735 213; x_wconf 87' lang='lat' dir='ltr'><strong>est</strong></span> <span class='ocrx_word' id='word_1_5' title='bbox 753 177 918 221; x_wconf 90' lang='lat' dir='ltr'><strong>alterum,</strong></span> <span class='ocrx_word' id='word_1_6' title='bbox 952 177 1048 226; x_wconf 89' lang='lat' dir='ltr'><strong>quod</strong></span> <span class='ocrx_word' id='word_1_7' title='bbox 1072 178 1135 214; x_wconf 89' lang='lat' dir='ltr'><strong>tibi</strong></span> <span class='ocrx_word' id='word_1_8' title='bbox 1157 177 1417 216; x_wconf 88' lang='lat' dir='ltr'><strong>concedendum</strong></span> <span class='ocrx_word' id='word_1_9' title='bbox 1444 180 1528 224; x_wconf 82' lang='lat' dir='ltr'><strong>erit,</strong></span> <span class='ocrx_word' id='word_1_10' title='bbox 1559 180 1655 217; x_wconf 77' lang='lat' dir='ltr'><strong>libris</strong></span> <span class='ocrx_word' id='word_1_11' title='bbox 1679 179 1745 217; x_wconf 84' lang='lat' dir='ltr'><strong>illis</strong></span> <span class='ocrx_word' id='word_1_12' title='bbox 1769 177 1969 216; x_wconf 82' lang='lat' dir='ltr'><strong>melioribus</strong></span> <span class='ocrx_word' id='word_1_13' title='bbox 1991 188 2061 213; x_wconf 84' lang='lat' dir='ltr'><strong>non</strong></span> <span class='ocrx_word' id='word_1_14' title='bbox 2084 188 2160 214; x_wconf 71' lang='lat' dir='ltr'><strong>esee</strong></span> <span class='ocrx_word' id='word_1_15' title='bbox 2185 176 2352 215; x_wconf 80' lang='lat' dir='ltr'><strong>utendum</strong></span> 
     </span>
     <span class='ocr_line' id='line_1_3' title="bbox 269 235 2354 286; baseline -0 -13"><span class='ocrx_word' id='word_1_16' title='bbox 269 237 336 274; x_wconf 88' lang='lat' dir='ltr'><strong>nisi</strong></span> <span class='ocrx_word' id='word_1_17' title='bbox 364 246 442 271; x_wconf 90' lang='lat' dir='ltr'><strong>cum</strong></span> <span class='ocrx_word' id='word_1_18' title='bbox 477 245 615 271; x_wconf 85' lang='lat' dir='ltr'><strong>summa</strong></span> <span class='ocrx_word' id='word_1_19' title='bbox 643 236 818 279; x_wconf 78' lang='lat' dir='ltr'><strong>cautione,</strong></span> <span class='ocrx_word' id='word_1_20' title='bbox 857 248 971 284; x_wconf 86' lang='lat' dir='ltr'><strong>neque</strong></span> <span class='ocrx_word' id='word_1_21' title='bbox 1002 236 1257 283; x_wconf 77' lang='lat' dir='ltr'><strong>imprudentius</strong></span> <span class='ocrx_word' id='word_1_22' title='bbox 1280 237 1473 285; x_wconf 88' lang='lat' dir='ltr'><strong>quidquam</strong></span> <span class='ocrx_word' id='word_1_23' title='bbox 1500 238 1709 286; x_wconf 89' lang='lat' dir='ltr'><strong>inaniusque</strong></span> <span class='ocrx_word' id='word_1_24' title='bbox 1731 236 1874 285; x_wconf 83' lang='lat' dir='ltr'><strong>cogitari</strong></span> <span class='ocrx_word' id='word_1_25' title='bbox 1905 247 2008 284; x_wconf 77' lang='lat' dir='ltr'><strong>posse</strong></span> <span class='ocrx_word' id='word_1_26' title='bbox 2031 246 2137 283; x_wconf 86' lang='lat' dir='ltr'><strong>quam</strong></span> <span class='ocrx_word' id='word_1_27' title='bbox 2166 248 2187 273; x_wconf 88' lang='lat' dir='ltr'><strong>e</strong></span> <span class='ocrx_word' id='word_1_28' title='bbox 2217 235 2354 274; x_wconf 78' lang='lat' dir='ltr'><strong>duabus</strong></span> 
     </span>
     <span class='ocr_line' id='line_1_4' title="bbox 270 292 2353 342; baseline -0.001 -10"><span class='ocrx_word' id='word_1_29' title='bbox 270 292 451 342; x_wconf 86' lang='lat' dir='ltr'><strong>scripturis</strong></span> <span class='ocrx_word' id='word_1_30' title='bbox 474 303 564 337; x_wconf 87' lang='lat' dir='ltr'><strong>eam,</strong></span> <span class='ocrx_word' id='word_1_31' title='bbox 586 305 691 342; x_wconf 90' lang='lat' dir='ltr'><strong>quam</strong></span> <span class='ocrx_word' id='word_1_32' title='bbox 716 294 832 331; x_wconf 90' lang='lat' dir='ltr'><strong>minus</strong></span> <span class='ocrx_word' id='word_1_33' title='bbox 856 293 1072 342; x_wconf 87' lang='lat' dir='ltr'><strong>comprobari</strong></span> <span class='ocrx_word' id='word_1_34' title='bbox 1097 305 1200 341; x_wconf 91' lang='lat' dir='ltr'><strong>posse</strong></span> <span class='ocrx_word' id='word_1_35' title='bbox 1222 300 1370 339; x_wconf 88' lang='lat' dir='ltr'><strong>constat,</strong></span> <span class='ocrx_word' id='word_1_36' title='bbox 1393 295 1458 333; x_wconf 91' lang='lat' dir='ltr'><strong>hac</strong></span> <span class='ocrx_word' id='word_1_37' title='bbox 1478 307 1549 334; x_wconf 90' lang='lat' dir='ltr'><strong>una</strong></span> <span class='ocrx_word' id='word_1_38' title='bbox 1571 297 1643 334; x_wconf 88' lang='lat' dir='ltr'><strong>sola</strong></span> <span class='ocrx_word' id='word_1_39' title='bbox 1668 297 1711 334; x_wconf 89' lang='lat' dir='ltr'><strong>de</strong></span> <span class='ocrx_word' id='word_1_40' title='bbox 1733 307 1836 333; x_wconf 85' lang='lat' dir='ltr'><strong>causa</strong></span> <span class='ocrx_word' id='word_1_41' title='bbox 1859 292 2040 337; x_wconf 71' lang='lat' dir='ltr'><strong>anteferre,</strong></span> <span class='ocrx_word' id='word_1_42' title='bbox 2070 293 2152 341; x_wconf 88' lang='lat' dir='ltr'><strong>quia</strong></span> <span class='ocrx_word' id='word_1_43' title='bbox 2176 293 2255 332; x_wconf 91' lang='lat' dir='ltr'><strong>libri</strong></span> <span class='ocrx_word' id='word_1_44' title='bbox 2277 304 2353 330; x_wconf 82' lang='lat' dir='ltr'><strong>eam</strong></span> 
     </span>
     <span class='ocr_line' id='line_1_5' title="bbox 272 351 2354 404; baseline -0 -15"><span class='ocrx_word' id='word_1_45' title='bbox 272 351 431 389; x_wconf 90' lang='lat' dir='ltr'><strong>meliores</strong></span> <span class='ocrx_word' id='word_1_46' title='bbox 454 351 632 400; x_wconf 81' lang='lat' dir='ltr'><strong>praebent.</strong></span> <span class='ocrx_word' id='word_1_47' title='bbox 682 352 845 401; x_wconf 87' lang='lat' dir='ltr'><strong>Denique</strong></span> <span class='ocrx_word' id='word_1_48' title='bbox 870 352 973 390; x_wconf 90' lang='lat' dir='ltr'><strong>etiam</strong></span> <span class='ocrx_word' id='word_1_49' title='bbox 1001 351 1085 388; x_wconf 91' lang='lat' dir='ltr'><strong>illud</strong></span> <span class='ocrx_word' id='word_1_50' title='bbox 1111 351 1215 388; x_wconf 89' lang='lat' dir='ltr'><strong>credo</strong></span> <span class='ocrx_word' id='word_1_51' title='bbox 1237 351 1322 389; x_wconf 92' lang='lat' dir='ltr'><strong>mihi</strong></span> <span class='ocrx_word' id='word_1_52' title='bbox 1349 354 1529 399; x_wconf 87' lang='lat' dir='ltr'><strong>concedes,</strong></span> <span class='ocrx_word' id='word_1_53' title='bbox 1552 355 1728 404; x_wconf 79' lang='lat' dir='ltr'><strong>vulgarem</strong></span> <span class='ocrx_word' id='word_1_54' title='bbox 1748 354 1953 403; x_wconf 86' lang='lat' dir='ltr'><strong>scripturam</strong></span> <span class='ocrx_word' id='word_1_55' title='bbox 1978 351 2015 389; x_wconf 87' lang='lat' dir='ltr'><strong>in</strong></span> <span class='ocrx_word' id='word_1_56' title='bbox 2034 351 2187 389; x_wconf 81' lang='lat' dir='ltr'><strong>Anabasi</strong></span> <span class='ocrx_word' id='word_1_57' title='bbox 2212 351 2354 400; x_wconf 88' lang='lat' dir='ltr'><strong>quidem</strong></span> 
     </span>
     <span class='ocr_line' id='line_1_6' title="bbox 269 409 2355 463; baseline -0.001 -15"><span class='ocrx_word' id='word_1_58' title='bbox 269 423 492 460; x_wconf 86' lang='lat' dir='ltr'><strong>nequaquam</strong></span> <span class='ocrx_word' id='word_1_59' title='bbox 516 411 805 449; x_wconf 86' lang='lat' dir='ltr'><strong>contemnendam</strong></span> <span class='ocrx_word' id='word_1_60' title='bbox 838 422 914 447; x_wconf 86' lang='lat' dir='ltr'><strong>esse</strong></span> <span class='ocrx_word' id='word_1_61' title='bbox 934 422 1065 459; x_wconf 88' lang='lat' dir='ltr'><strong>eosque</strong></span> <span class='ocrx_word' id='word_1_62' title='bbox 1090 409 1311 447; x_wconf 90' lang='lat' dir='ltr'><strong>vehementer</strong></span> <span class='ocrx_word' id='word_1_63' title='bbox 1333 411 1421 456; x_wconf 79' lang='lat' dir='ltr'><strong>salli,</strong></span> <span class='ocrx_word' id='word_1_64' title='bbox 1460 413 1522 463; x_wconf 90' lang='lat' dir='ltr'><strong>qui</strong></span> <span class='ocrx_word' id='word_1_65' title='bbox 1553 414 1644 451; x_wconf 88' lang='lat' dir='ltr'><strong>illam</strong></span> <span class='ocrx_word' id='word_1_66' title='bbox 1678 426 1760 463; x_wconf 89' lang='lat' dir='ltr'><strong>prae</strong></span> <span class='ocrx_word' id='word_1_67' title='bbox 1787 411 1882 451; x_wconf 88' lang='lat' dir='ltr'><strong>libris</strong></span> <span class='ocrx_word' id='word_1_68' title='bbox 1913 410 1987 448; x_wconf 81' lang='lat' dir='ltr'><strong>istis</strong></span> <span class='ocrx_word' id='word_1_69' title='bbox 2022 409 2222 448; x_wconf 82' lang='lat' dir='ltr'><strong>melioribus</strong></span> <span class='ocrx_word' id='word_1_70' title='bbox 2255 410 2355 459; x_wconf 88' lang='lat' dir='ltr'><strong>plane</strong></span> 
     </span>
     <span class='ocr_line' id='line_1_7' title="bbox 269 469 1215 518; baseline -0.003 -10"><span class='ocrx_word' id='word_1_71' title='bbox 269 470 400 508; x_wconf 90' lang='lat' dir='ltr'><strong>nullius</strong></span> <span class='ocrx_word' id='word_1_72' title='bbox 421 469 641 506; x_wconf 79' lang='lat' dir='ltr'><strong>auctoritatis</strong></span> <span class='ocrx_word' id='word_1_73' title='bbox 665 482 704 507; x_wconf 93' lang='lat' dir='ltr'><strong>ac</strong></span> <span class='ocrx_word' id='word_1_74' title='bbox 730 469 892 518; x_wconf 88' lang='lat' dir='ltr'><strong>ponderis</strong></span> <span class='ocrx_word' id='word_1_75' title='bbox 918 480 993 505; x_wconf 78' lang='lat' dir='ltr'><strong>esse</strong></span> <span class='ocrx_word' id='word_1_76' title='bbox 1016 469 1215 517; x_wconf 82' lang='lat' dir='ltr'><strong>opinentur.</strong></span> 
     </span>
    </p>

    <p class='ocr_par' dir='ltr' id='par_1_3' title="bbox 262 526 2353 1749">
     <span class='ocr_line' id='line_1_8' title="bbox 447 526 2353 576; baseline -0.001 -12"><span class='ocrx_word' id='word_1_77' title='bbox 447 528 550 573; x_wconf 87' lang='lat' dir='ltr'><strong>Quae</strong></span> <span class='ocrx_word' id='word_1_78' title='bbox 572 539 681 576; x_wconf 91' lang='lat' dir='ltr'><strong>quum</strong></span> <span class='ocrx_word' id='word_1_79' title='bbox 707 528 754 564; x_wconf 89' lang='lat' dir='ltr'><strong>ita</strong></span> <span class='ocrx_word' id='word_1_80' title='bbox 779 528 864 571; x_wconf 89' lang='lat' dir='ltr'><strong>sint,</strong></span> <span class='ocrx_word' id='word_1_81' title='bbox 892 527 981 563; x_wconf 88' lang='lat' dir='ltr'><strong>hanc</strong></span> <span class='ocrx_word' id='word_1_82' title='bbox 1004 539 1070 574; x_wconf 87' lang='lat' dir='ltr'><strong>ego</strong></span> <span class='ocrx_word' id='word_1_83' title='bbox 1097 527 1238 576; x_wconf 89' lang='lat' dir='ltr'><strong>quidem</strong></span> <span class='ocrx_word' id='word_1_84' title='bbox 1262 527 1372 576; x_wconf 82' lang='lat' dir='ltr'><strong>legem</strong></span> <span class='ocrx_word' id='word_1_85' title='bbox 1397 530 1538 567; x_wconf 83' lang='lat' dir='ltr'><strong>criticae</strong></span> <span class='ocrx_word' id='word_1_86' title='bbox 1561 531 1596 567; x_wconf 92' lang='lat' dir='ltr'><strong>in</strong></span> <span class='ocrx_word' id='word_1_87' title='bbox 1620 530 1774 568; x_wconf 78' lang='lat' dir='ltr'><strong>Ambasi</strong></span> <span class='ocrx_word' id='word_1_88' title='bbox 1796 528 2018 572; x_wconf 77' lang='lat' dir='ltr'><strong>factitandae,</strong></span> <span class='ocrx_word' id='word_1_89' title='bbox 2041 527 2153 564; x_wconf 85' lang='lat' dir='ltr'><strong>donec</strong></span> <span class='ocrx_word' id='word_1_90' title='bbox 2177 526 2229 563; x_wconf 88' lang='lat' dir='ltr'><strong>vel</strong></span> <span class='ocrx_word' id='word_1_91' title='bbox 2254 538 2353 574; x_wconf 90' lang='lat' dir='ltr'><strong>prae-</strong></span> 
     </span>
     <span class='ocr_line' id='line_1_9' title="bbox 267 584 2353 637; baseline -0.001 -14"><span class='ocrx_word' id='word_1_92' title='bbox 267 587 453 624; x_wconf 89' lang='lat' dir='ltr'><strong>stantiores</strong></span> <span class='ocrx_word' id='word_1_93' title='bbox 479 585 561 623; x_wconf 90' lang='lat' dir='ltr'><strong>huic</strong></span> <span class='ocrx_word' id='word_1_94' title='bbox 589 586 676 623; x_wconf 89' lang='lat' dir='ltr'><strong>libro</strong></span> <span class='ocrx_word' id='word_1_95' title='bbox 700 586 836 624; x_wconf 88' lang='lat' dir='ltr'><strong>codices</strong></span> <span class='ocrx_word' id='word_1_96' title='bbox 862 585 992 623; x_wconf 83' lang='lat' dir='ltr'><strong>inventi</strong></span> <span class='ocrx_word' id='word_1_97' title='bbox 1017 586 1069 622; x_wconf 89' lang='lat' dir='ltr'><strong>vel</strong></span> <span class='ocrx_word' id='word_1_98' title='bbox 1093 586 1197 623; x_wconf 88' lang='lat' dir='ltr'><strong>etiam</strong></span> <span class='ocrx_word' id='word_1_99' title='bbox 1224 586 1284 636; x_wconf 92' lang='lat' dir='ltr'><strong>qui</strong></span> <span class='ocrx_word' id='word_1_100' title='bbox 1311 593 1449 626; x_wconf 84' lang='lat' dir='ltr'><strong>exstant</strong></span> <span class='ocrx_word' id='word_1_101' title='bbox 1481 589 1677 626; x_wconf 78' lang='lat' dir='ltr'><strong>accuratius</strong></span> <span class='ocrx_word' id='word_1_102' title='bbox 1700 588 1966 637; x_wconf 80' lang='lat' dir='ltr'><strong>diligentiusque</strong></span> <span class='ocrx_word' id='word_1_103' title='bbox 1988 586 2101 624; x_wconf 87' lang='lat' dir='ltr'><strong>collati</strong></span> <span class='ocrx_word' id='word_1_104' title='bbox 2126 590 2161 622; x_wconf 91' lang='lat' dir='ltr'><strong>et</strong></span> <span class='ocrx_word' id='word_1_105' title='bbox 2185 584 2353 634; x_wconf 83' lang='lat' dir='ltr'><strong>explorati</strong></span> 
     </span>
     <span class='ocr_line' id='line_1_10' title="bbox 269 643 2353 697; baseline -0.001 -15"><span class='ocrx_word' id='word_1_106' title='bbox 269 649 390 690; x_wconf 85' lang='lat' dir='ltr'><strong>erunt,</strong></span> <span class='ocrx_word' id='word_1_107' title='bbox 421 645 606 682; x_wconf 88' lang='lat' dir='ltr'><strong>tenendam</strong></span> <span class='ocrx_word' id='word_1_108' title='bbox 627 649 733 693; x_wconf 87' lang='lat' dir='ltr'><strong>atque</strong></span> <span class='ocrx_word' id='word_1_109' title='bbox 759 644 1022 682; x_wconf 88' lang='lat' dir='ltr'><strong>custodiendam</strong></span> <span class='ocrx_word' id='word_1_110' title='bbox 1044 656 1120 682; x_wconf 87' lang='lat' dir='ltr'><strong>esse</strong></span> <span class='ocrx_word' id='word_1_111' title='bbox 1142 645 1310 691; x_wconf 80' lang='lat' dir='ltr'><strong>arbitror,</strong></span> <span class='ocrx_word' id='word_1_112' title='bbox 1334 652 1392 691; x_wconf 90' lang='lat' dir='ltr'><strong>ut,</strong></span> <span class='ocrx_word' id='word_1_113' title='bbox 1412 647 1615 697; x_wconf 87' lang='lat' dir='ltr'><strong>ubicunque</strong></span> <span class='ocrx_word' id='word_1_114' title='bbox 1637 647 1806 697; x_wconf 75' lang='lat' dir='ltr'><strong>scriptura</strong></span> <span class='ocrx_word' id='word_1_115' title='bbox 1831 647 1957 690; x_wconf 84' lang='lat' dir='ltr'><strong>variet,</strong></span> <span class='ocrx_word' id='word_1_116' title='bbox 1981 645 2137 694; x_wconf 84' lang='lat' dir='ltr'><strong>vulgata,</strong></span> <span class='ocrx_word' id='word_1_117' title='bbox 2158 643 2353 681; x_wconf 87' lang='lat' dir='ltr'><strong>dummodo</strong></span> 
     </span>
     <span class='ocr_line' id='line_1_11' title="bbox 268 703 2351 754; baseline -0 -14"><span class='ocrx_word' id='word_1_118' title='bbox 268 716 352 740; x_wconf 91' lang='lat' dir='ltr'><strong>sana</strong></span> <span class='ocrx_word' id='word_1_119' title='bbox 383 703 429 740; x_wconf 91' lang='lat' dir='ltr'><strong>sit</strong></span> <span class='ocrx_word' id='word_1_120' title='bbox 459 716 522 739; x_wconf 84' lang='lat' dir='ltr'><strong>nec</strong></span> <span class='ocrx_word' id='word_1_121' title='bbox 553 703 665 739; x_wconf 93' lang='lat' dir='ltr'><strong>solum</strong></span> <span class='ocrx_word' id='word_1_122' title='bbox 695 703 905 746; x_wconf 89' lang='lat' dir='ltr'><strong>sententiae,</strong></span> <span class='ocrx_word' id='word_1_123' title='bbox 943 715 1061 739; x_wconf 88' lang='lat' dir='ltr'><strong>verum</strong></span> <span class='ocrx_word' id='word_1_124' title='bbox 1089 703 1192 739; x_wconf 88' lang='lat' dir='ltr'><strong>etiam</strong></span> <span class='ocrx_word' id='word_1_125' title='bbox 1220 704 1359 751; x_wconf 90' lang='lat' dir='ltr'><strong>linguae</strong></span> <span class='ocrx_word' id='word_1_126' title='bbox 1388 706 1523 754; x_wconf 83' lang='lat' dir='ltr'><strong>legibus</strong></span> <span class='ocrx_word' id='word_1_127' title='bbox 1557 712 1593 743; x_wconf 91' lang='lat' dir='ltr'><strong>et</strong></span> <span class='ocrx_word' id='word_1_128' title='bbox 1615 705 1860 754; x_wconf 84' lang='lat' dir='ltr'><strong>Xenophontis</strong></span> <span class='ocrx_word' id='word_1_129' title='bbox 1884 704 2127 742; x_wconf 87' lang='lat' dir='ltr'><strong>consuetudini</strong></span> <span class='ocrx_word' id='word_1_130' title='bbox 2156 714 2351 740; x_wconf 84' lang='lat' dir='ltr'><strong>accommo-</strong></span> 
     </span>
     <span class='ocr_line' id='line_1_12' title="bbox 267 761 2353 811; baseline -0.001 -12"><span class='ocrx_word' id='word_1_131' title='bbox 267 763 363 805; x_wconf 90' lang='lat' dir='ltr'><strong>data,</strong></span> <span class='ocrx_word' id='word_1_132' title='bbox 400 773 482 810; x_wconf 92' lang='lat' dir='ltr'><strong>prae</strong></span> <span class='ocrx_word' id='word_1_133' title='bbox 514 774 585 798; x_wconf 91' lang='lat' dir='ltr'><strong>uno</strong></span> <span class='ocrx_word' id='word_1_134' title='bbox 612 762 765 799; x_wconf 87' lang='lat' dir='ltr'><strong>alterove</strong></span> <span class='ocrx_word' id='word_1_135' title='bbox 795 762 978 798; x_wconf 89' lang='lat' dir='ltr'><strong>meliorum</strong></span> <span class='ocrx_word' id='word_1_136' title='bbox 1005 762 1152 798; x_wconf 87' lang='lat' dir='ltr'><strong>istorum</strong></span> <span class='ocrx_word' id='word_1_137' title='bbox 1179 761 1339 799; x_wconf 87' lang='lat' dir='ltr'><strong>codicum</strong></span> <span class='ocrx_word' id='word_1_138' title='bbox 1364 776 1409 801; x_wconf 86' lang='lat' dir='ltr'><strong>ne</strong></span> <span class='ocrx_word' id='word_1_139' title='bbox 1439 770 1569 801; x_wconf 89' lang='lat' dir='ltr'><strong>temere</strong></span> <span class='ocrx_word' id='word_1_140' title='bbox 1594 776 1635 801; x_wconf 87' lang='lat' dir='ltr'><strong>ac</strong></span> <span class='ocrx_word' id='word_1_141' title='bbox 1662 775 1893 811; x_wconf 85' lang='lat' dir='ltr'><strong>praepropere</strong></span> <span class='ocrx_word' id='word_1_142' title='bbox 1923 763 2118 806; x_wconf 82' lang='lat' dir='ltr'><strong>deseratur,</strong></span> <span class='ocrx_word' id='word_1_143' title='bbox 2150 761 2353 809; x_wconf 85' lang='lat' dir='ltr'><strong>ceteroquin</strong></span> 
     </span>
     <span class='ocr_line' id='line_1_13' title="bbox 267 819 2353 871; baseline -0.001 -13"><span class='ocrx_word' id='word_1_144' title='bbox 267 826 385 858; x_wconf 87' lang='lat' dir='ltr'><strong>autem</strong></span> <span class='ocrx_word' id='word_1_145' title='bbox 411 820 534 856; x_wconf 90' lang='lat' dir='ltr'><strong>melior</strong></span> <span class='ocrx_word' id='word_1_146' title='bbox 557 831 718 868; x_wconf 88' lang='lat' dir='ltr'><strong>quaeque</strong></span> <span class='ocrx_word' id='word_1_147' title='bbox 743 820 913 867; x_wconf 87' lang='lat' dir='ltr'><strong>scriptura</strong></span> <span class='ocrx_word' id='word_1_148' title='bbox 940 825 974 857; x_wconf 87' lang='lat' dir='ltr'><strong>et</strong></span> <span class='ocrx_word' id='word_1_149' title='bbox 995 832 1086 868; x_wconf 88' lang='lat' dir='ltr'><strong>quae</strong></span> <span class='ocrx_word' id='word_1_150' title='bbox 1111 820 1220 867; x_wconf 89' lang='lat' dir='ltr'><strong>magis</strong></span> <span class='ocrx_word' id='word_1_151' title='bbox 1243 820 1287 857; x_wconf 87' lang='lat' dir='ltr'><strong>ab</strong></span> <span class='ocrx_word' id='word_1_152' title='bbox 1310 821 1386 869; x_wconf 90' lang='lat' dir='ltr'><strong>ipso</strong></span> <span class='ocrx_word' id='word_1_153' title='bbox 1413 823 1581 871; x_wconf 86' lang='lat' dir='ltr'><strong>scriptore</strong></span> <span class='ocrx_word' id='word_1_154' title='bbox 1602 821 1754 870; x_wconf 83' lang='lat' dir='ltr'><strong>prosecta</strong></span> <span class='ocrx_word' id='word_1_155' title='bbox 1779 821 1957 864; x_wconf 86' lang='lat' dir='ltr'><strong>videatur,</strong></span> <span class='ocrx_word' id='word_1_156' title='bbox 1978 820 2050 858; x_wconf 83' lang='lat' dir='ltr'><strong>sive</strong></span> <span class='ocrx_word' id='word_1_157' title='bbox 2074 819 2158 857; x_wconf 89' lang='lat' dir='ltr'><strong>editi</strong></span> <span class='ocrx_word' id='word_1_158' title='bbox 2183 819 2260 857; x_wconf 91' lang='lat' dir='ltr'><strong>libri</strong></span> <span class='ocrx_word' id='word_1_159' title='bbox 2282 819 2353 857; x_wconf 88' lang='lat' dir='ltr'><strong>sive</strong></span> 
     </span>
     <span class='ocr_line' id='line_1_14' title="bbox 268 876 2351 929; baseline -0.001 -13"><span class='ocrx_word' id='word_1_160' title='bbox 268 890 374 916; x_wconf 91' lang='lat' dir='ltr'><strong>manu</strong></span> <span class='ocrx_word' id='word_1_161' title='bbox 399 877 529 916; x_wconf 84' lang='lat' dir='ltr'><strong>exarati</strong></span> <span class='ocrx_word' id='word_1_162' title='bbox 553 876 752 928; x_wconf 89' lang='lat' dir='ltr'><strong>horumque</strong></span> <span class='ocrx_word' id='word_1_163' title='bbox 778 878 849 916; x_wconf 84' lang='lat' dir='ltr'><strong>sive</strong></span> <span class='ocrx_word' id='word_1_164' title='bbox 873 877 1034 916; x_wconf 86' lang='lat' dir='ltr'><strong>meliores</strong></span> <span class='ocrx_word' id='word_1_165' title='bbox 1060 877 1132 915; x_wconf 89' lang='lat' dir='ltr'><strong>sive</strong></span> <span class='ocrx_word' id='word_1_166' title='bbox 1154 877 1342 917; x_wconf 83' lang='lat' dir='ltr'><strong>deteriores</strong></span> <span class='ocrx_word' id='word_1_167' title='bbox 1368 880 1460 918; x_wconf 88' lang='lat' dir='ltr'><strong>illam</strong></span> <span class='ocrx_word' id='word_1_168' title='bbox 1486 880 1687 925; x_wconf 83' lang='lat' dir='ltr'><strong>exhibeant,</strong></span> <span class='ocrx_word' id='word_1_169' title='bbox 1718 878 1914 929; x_wconf 85' lang='lat' dir='ltr'><strong>recipiatur.</strong></span> <span class='ocrx_word' id='word_1_170' title='bbox 1964 881 2083 928; x_wconf 83' lang='lat' dir='ltr'><strong>Atque</strong></span> <span class='ocrx_word' id='word_1_171' title='bbox 2109 877 2198 915; x_wconf 89' lang='lat' dir='ltr'><strong>hanc</strong></span> <span class='ocrx_word' id='word_1_172' title='bbox 2216 889 2280 927; x_wconf 87' lang='lat' dir='ltr'><strong>ego</strong></span> <span class='ocrx_word' id='word_1_173' title='bbox 2305 878 2351 914; x_wconf 89' lang='lat' dir='ltr'><strong>le-</strong></span> 
     </span>
     <span class='ocr_line' id='line_1_15' title="bbox 266 937 2353 989; baseline -0.001 -14"><span class='ocrx_word' id='word_1_174' title='bbox 266 950 342 987; x_wconf 83' lang='lat' dir='ltr'><strong>gem</strong></span> <span class='ocrx_word' id='word_1_175' title='bbox 364 937 448 973; x_wconf 88' lang='lat' dir='ltr'><strong>mihi</strong></span> <span class='ocrx_word' id='word_1_176' title='bbox 469 937 628 986; x_wconf 61' lang='lat' dir='ltr'><strong>Krtiqero</strong></span> <span class='ocrx_word' id='word_1_177' title='bbox 652 937 742 973; x_wconf 89' lang='lat' dir='ltr'><strong>duce</strong></span> <span class='ocrx_word' id='word_1_178' title='bbox 763 937 799 973; x_wconf 94' lang='lat' dir='ltr'><strong>in</strong></span> <span class='ocrx_word' id='word_1_179' title='bbox 825 937 958 973; x_wconf 90' lang='lat' dir='ltr'><strong>edenda</strong></span> <span class='ocrx_word' id='word_1_180' title='bbox 982 937 1136 974; x_wconf 81' lang='lat' dir='ltr'><strong>Anabasi</strong></span> <span class='ocrx_word' id='word_1_181' title='bbox 1163 938 1378 987; x_wconf 86' lang='lat' dir='ltr'><strong>praescripsi,</strong></span> <span class='ocrx_word' id='word_1_182' title='bbox 1405 951 1616 989; x_wconf 91' lang='lat' dir='ltr'><strong>quamquam</strong></span> <span class='ocrx_word' id='word_1_183' title='bbox 1640 951 1695 976; x_wconf 89' lang='lat' dir='ltr'><strong>me</strong></span> <span class='ocrx_word' id='word_1_184' title='bbox 1720 939 1879 975; x_wconf 87' lang='lat' dir='ltr'><strong>meliores</strong></span> <span class='ocrx_word' id='word_1_185' title='bbox 1903 938 1989 974; x_wconf 86' lang='lat' dir='ltr'><strong>istos</strong></span> <span class='ocrx_word' id='word_1_186' title='bbox 2014 937 2163 980; x_wconf 86' lang='lat' dir='ltr'><strong>codices,</strong></span> <span class='ocrx_word' id='word_1_187' title='bbox 2189 949 2279 986; x_wconf 92' lang='lat' dir='ltr'><strong>quos</strong></span> <span class='ocrx_word' id='word_1_188' title='bbox 2301 938 2353 973; x_wconf 91' lang='lat' dir='ltr'><strong>in-</strong></span> 
     </span>
     <span class='ocr_line' id='line_1_16' title="bbox 266 996 2352 1045; baseline 0 -13"><span class='ocrx_word' id='word_1_189' title='bbox 266 1001 381 1033; x_wconf 84' lang='lat' dir='ltr'><strong>certae</strong></span> <span class='ocrx_word' id='word_1_190' title='bbox 405 1008 573 1044; x_wconf 88' lang='lat' dir='ltr'><strong>perquam</strong></span> <span class='ocrx_word' id='word_1_191' title='bbox 598 996 815 1032; x_wconf 85' lang='lat' dir='ltr'><strong>auctoritatis</strong></span> <span class='ocrx_word' id='word_1_192' title='bbox 840 1009 879 1032; x_wconf 89' lang='lat' dir='ltr'><strong>ac</strong></span> <span class='ocrx_word' id='word_1_193' title='bbox 906 996 985 1032; x_wconf 84' lang='lat' dir='ltr'><strong>fidei</strong></span> <span class='ocrx_word' id='word_1_194' title='bbox 1007 1008 1082 1032; x_wconf 89' lang='lat' dir='ltr'><strong>esse</strong></span> <span class='ocrx_word' id='word_1_195' title='bbox 1108 1008 1350 1043; x_wconf 81' lang='lat' dir='ltr'><strong>cognoveram,</strong></span> <span class='ocrx_word' id='word_1_196' title='bbox 1388 1011 1491 1035; x_wconf 85' lang='lat' dir='ltr'><strong>caeco</strong></span> <span class='ocrx_word' id='word_1_197' title='bbox 1514 999 1631 1035; x_wconf 87' lang='lat' dir='ltr'><strong>studio</strong></span> <span class='ocrx_word' id='word_1_198' title='bbox 1654 998 1752 1045; x_wconf 88' lang='lat' dir='ltr'><strong>sequi</strong></span> <span class='ocrx_word' id='word_1_199' title='bbox 1776 997 2016 1044; x_wconf 79' lang='lat' dir='ltr'><strong>dedignantem</strong></span> <span class='ocrx_word' id='word_1_200' title='bbox 2041 996 2076 1031; x_wconf 94' lang='lat' dir='ltr'><strong>in</strong></span> <span class='ocrx_word' id='word_1_201' title='bbox 2096 996 2275 1043; x_wconf 81' lang='lat' dir='ltr'><strong>scripturis</strong></span> <span class='ocrx_word' id='word_1_202' title='bbox 2301 996 2352 1032; x_wconf 88' lang='lat' dir='ltr'><strong>di-</strong></span> 
     </span>
     <span class='ocr_line' id='line_1_17' title="bbox 262 1053 2353 1105; baseline -0.001 -12"><span class='ocrx_word' id='word_1_203' title='bbox 262 1054 460 1104; x_wconf 88' lang='lat' dir='ltr'><strong>judicandis</strong></span> <span class='ocrx_word' id='word_1_204' title='bbox 486 1055 672 1103; x_wconf 85' lang='lat' dir='ltr'><strong>aliquoties</strong></span> <span class='ocrx_word' id='word_1_205' title='bbox 698 1055 832 1103; x_wconf 91' lang='lat' dir='ltr'><strong>lapsum</strong></span> <span class='ocrx_word' id='word_1_206' title='bbox 854 1069 929 1093; x_wconf 89' lang='lat' dir='ltr'><strong>esse</strong></span> <span class='ocrx_word' id='word_1_207' title='bbox 959 1056 1109 1103; x_wconf 85' lang='lat' dir='ltr'><strong>ingenue</strong></span> <span class='ocrx_word' id='word_1_208' title='bbox 1133 1060 1239 1103; x_wconf 91' lang='lat' dir='ltr'><strong>atque</strong></span> <span class='ocrx_word' id='word_1_209' title='bbox 1263 1062 1381 1104; x_wconf 86' lang='lat' dir='ltr'><strong>aperte</strong></span> <span class='ocrx_word' id='word_1_210' title='bbox 1405 1057 1526 1096; x_wconf 83' lang='lat' dir='ltr'><strong>fateor.</strong></span> <span class='ocrx_word' id='word_1_211' title='bbox 1575 1056 1713 1105; x_wconf 84' lang='lat' dir='ltr'><strong>Reliqui</strong></span> <span class='ocrx_word' id='word_1_212' title='bbox 1736 1061 1870 1100; x_wconf 89' lang='lat' dir='ltr'><strong>autem,</strong></span> <span class='ocrx_word' id='word_1_213' title='bbox 1909 1055 1970 1104; x_wconf 90' lang='lat' dir='ltr'><strong>qui</strong></span> <span class='ocrx_word' id='word_1_214' title='bbox 1994 1053 2172 1092; x_wconf 81' lang='lat' dir='ltr'><strong>Anabasin</strong></span> <span class='ocrx_word' id='word_1_215' title='bbox 2197 1053 2353 1102; x_wconf 81' lang='lat' dir='ltr'><strong>divulga-</strong></span> 
     </span>
     <span class='ocr_line' id='line_1_18' title="bbox 265 1111 2353 1164; baseline -0.001 -12"><span class='ocrx_word' id='word_1_216' title='bbox 265 1118 359 1158; x_wconf 90' lang='lat' dir='ltr'><strong>runt,</strong></span> <span class='ocrx_word' id='word_1_217' title='bbox 385 1112 580 1151; x_wconf 89' lang='lat' dir='ltr'><strong>orationem</strong></span> <span class='ocrx_word' id='word_1_218' title='bbox 607 1112 853 1163; x_wconf 84' lang='lat' dir='ltr'><strong>Xenophontis</strong></span> <span class='ocrx_word' id='word_1_219' title='bbox 877 1113 920 1152; x_wconf 93' lang='lat' dir='ltr'><strong>ad</strong></span> <span class='ocrx_word' id='word_1_220' title='bbox 944 1114 1049 1152; x_wconf 88' lang='lat' dir='ltr'><strong>libros</strong></span> <span class='ocrx_word' id='word_1_221' title='bbox 1077 1113 1162 1151; x_wconf 88' lang='lat' dir='ltr'><strong>istos</strong></span> <span class='ocrx_word' id='word_1_222' title='bbox 1188 1113 1347 1153; x_wconf 87' lang='lat' dir='ltr'><strong>meliores</strong></span> <span class='ocrx_word' id='word_1_223' title='bbox 1379 1115 1592 1154; x_wconf 88' lang='lat' dir='ltr'><strong>severissime</strong></span> <span class='ocrx_word' id='word_1_224' title='bbox 1620 1114 1821 1164; x_wconf 70' lang='lat' dir='ltr'><strong>exigendam</strong></span> <span class='ocrx_word' id='word_1_225' title='bbox 1847 1125 1923 1152; x_wconf 87' lang='lat' dir='ltr'><strong>esse</strong></span> <span class='ocrx_word' id='word_1_226' title='bbox 1950 1112 2016 1150; x_wconf 90' lang='lat' dir='ltr'><strong>rati</strong></span> <span class='ocrx_word' id='word_1_227' title='bbox 2040 1112 2088 1150; x_wconf 89' lang='lat' dir='ltr'><strong>ita</strong></span> <span class='ocrx_word' id='word_1_228' title='bbox 2112 1113 2146 1149; x_wconf 90' lang='lat' dir='ltr'><strong>in</strong></span> <span class='ocrx_word' id='word_1_229' title='bbox 2171 1112 2237 1150; x_wconf 90' lang='lat' dir='ltr'><strong>hoc</strong></span> <span class='ocrx_word' id='word_1_230' title='bbox 2263 1111 2353 1150; x_wconf 89' lang='lat' dir='ltr'><strong>libro</strong></span> 
     </span>
     <span class='ocr_line' id='line_1_19' title="bbox 265 1171 2351 1224; baseline -0.002 -13"><span class='ocrx_word' id='word_1_231' title='bbox 265 1172 402 1211; x_wconf 85' lang='lat' dir='ltr'><strong>edendo</strong></span> <span class='ocrx_word' id='word_1_232' title='bbox 429 1172 555 1210; x_wconf 86' lang='lat' dir='ltr'><strong>versati</strong></span> <span class='ocrx_word' id='word_1_233' title='bbox 588 1178 685 1217; x_wconf 91' lang='lat' dir='ltr'><strong>sunt,</strong></span> <span class='ocrx_word' id='word_1_234' title='bbox 716 1177 755 1209; x_wconf 89' lang='lat' dir='ltr'><strong>ut</strong></span> <span class='ocrx_word' id='word_1_235' title='bbox 781 1172 1040 1222; x_wconf 91' lang='lat' dir='ltr'><strong>quodammodo</strong></span> <span class='ocrx_word' id='word_1_236' title='bbox 1070 1173 1105 1209; x_wconf 91' lang='lat' dir='ltr'><strong>in</strong></span> <span class='ocrx_word' id='word_1_237' title='bbox 1134 1184 1254 1209; x_wconf 87' lang='lat' dir='ltr'><strong>omnes</strong></span> <span class='ocrx_word' id='word_1_238' title='bbox 1283 1174 1412 1224; x_wconf 86' lang='lat' dir='ltr'><strong>scripta</strong></span> <span class='ocrx_word' id='word_1_239' title='bbox 1434 1187 1510 1212; x_wconf 91' lang='lat' dir='ltr'><strong>esse</strong></span> <span class='ocrx_word' id='word_1_240' title='bbox 1530 1175 1711 1212; x_wconf 86' lang='lat' dir='ltr'><strong>videantur</strong></span> <span class='ocrx_word' id='word_1_241' title='bbox 1736 1185 1825 1224; x_wconf 85' lang='lat' dir='ltr'><strong>quae</strong></span> <span class='ocrx_word' id='word_1_242' title='bbox 1848 1173 2028 1223; x_wconf 69' lang='lat' dir='ltr'><strong>Kmqem</strong></span> <span class='ocrx_word' id='word_1_243' title='bbox 2049 1172 2148 1209; x_wconf 91' lang='lat' dir='ltr'><strong>Stud.</strong></span> <span class='ocrx_word' id='word_1_244' title='bbox 2169 1171 2351 1208; x_wconf 87' lang='lat' dir='ltr'><strong>historico-</strong></span> 
     </span>
     <span class='ocr_line' id='line_1_20' title="bbox 267 1231 2351 1281; baseline -0 -14"><span class='ocrx_word' id='word_1_245' title='bbox 267 1231 351 1281; x_wconf 88' lang='lat' dir='ltr'><strong>phil.</strong></span> <span class='ocrx_word' id='word_1_246' title='bbox 377 1232 422 1275; x_wconf 89' lang='lat'><strong>11,</strong></span> <span class='ocrx_word' id='word_1_247' title='bbox 444 1244 477 1280; x_wconf 88' lang='lat' dir='ltr'><strong>p.</strong></span> <span class='ocrx_word' id='word_1_248' title='bbox 507 1232 575 1267; x_wconf 80' lang='lat'><strong>107</strong></span> <span class='ocrx_word' id='word_1_249' title='bbox 600 1232 823 1280; x_wconf 80' lang='lat' dir='ltr'><strong>Dindorfium</strong></span> <span class='ocrx_word' id='word_1_250' title='bbox 845 1232 1032 1281; x_wconf 82' lang='lat' dir='ltr'><strong>objurgans</strong></span> <span class='ocrx_word' id='word_1_251' title='bbox 1066 1232 1168 1268; x_wconf 90' lang='lat' dir='ltr'><strong>dicit:</strong></span> <span class='ocrx_word' id='word_1_252' title='bbox 1195 1234 1280 1274; x_wconf 51' lang='lat' dir='ltr'><strong>,stum</strong></span> <span class='ocrx_word' id='word_1_253' title='bbox 1303 1235 1470 1279; x_wconf 61' lang='lat' dir='ltr'><strong>bduflgstm</strong></span> <span class='ocrx_word' id='word_1_254' title='bbox 1493 1237 1546 1279; x_wconf 54' lang='grc' dir='ltr'><strong>βαι</strong></span> <span class='ocrx_word' id='word_1_255' title='bbox 1572 1237 1651 1275; x_wconf 65' lang='lat' dir='ltr'><strong>-bert</strong></span> <span class='ocrx_word' id='word_1_256' title='bbox 1671 1235 1715 1270; x_wconf 63' lang='lat' dir='ltr'><strong>D.</strong></span> <span class='ocrx_word' id='word_1_257' title='bbox 1742 1234 1866 1277; x_wconf 63' lang='lat' dir='ltr'><strong>beflbnlb</strong></span> <span class='ocrx_word' id='word_1_258' title='bbox 1892 1234 2009 1278; x_wconf 66' lang='lat' dir='ltr'><strong>gefeblt,</strong></span> <span class='ocrx_word' id='word_1_259' title='bbox 2035 1234 2103 1267; x_wconf 67' lang='lat' dir='ltr'><strong>weil</strong></span> <span class='ocrx_word' id='word_1_260' title='bbox 2127 1244 2157 1267; x_wconf 76' lang='lat' dir='ltr'><strong>ct</strong></span> <span class='ocrx_word' id='word_1_261' title='bbox 2183 1234 2229 1266; x_wconf 78' lang='lat' dir='ltr'><strong>bie</strong></span> <span class='ocrx_word' id='word_1_262' title='bbox 2244 1233 2351 1271; x_wconf 54' lang='lat' dir='ltr'><strong>spent:</strong></span> 
     </span>
     <span class='ocr_line' id='line_1_21' title="bbox 266 1292 2351 1338; baseline -0 -11"><span class='ocrx_word' id='word_1_263' title='bbox 266 1294 406 1336; x_wconf 61' lang='lat' dir='ltr'><strong>fcbtisten</strong></span> <span class='ocrx_word' id='word_1_264' title='bbox 433 1294 482 1327; x_wconf 79' lang='lat' dir='ltr'><strong>bet</strong></span> <span class='ocrx_word' id='word_1_265' title='bbox 507 1292 662 1334; x_wconf 64' lang='lat' dir='ltr'><strong>‘llnabssfiss</strong></span> <span class='ocrx_word' id='word_1_266' title='bbox 686 1303 817 1336; x_wconf 74' lang='lat' dir='ltr'><strong>genauet</strong></span> <span class='ocrx_word' id='word_1_267' title='bbox 839 1294 949 1327; x_wconf 69' lang='lat' dir='ltr'><strong>fenum</strong></span> <span class='ocrx_word' id='word_1_268' title='bbox 970 1302 1005 1337; x_wconf 73' lang='lat' dir='ltr'><strong>gu</strong></span> <span class='ocrx_word' id='word_1_269' title='bbox 1027 1294 1128 1328; x_wconf 79' lang='lat' dir='ltr'><strong>[etum</strong></span> <span class='ocrx_word' id='word_1_270' title='bbox 1156 1294 1209 1335; x_wconf 69' lang='lat' dir='ltr'><strong>fid)</strong></span> <span class='ocrx_word' id='word_1_271' title='bbox 1236 1294 1314 1335; x_wconf 65' lang='lat' dir='ltr'><strong>nieht</strong></span> <span class='ocrx_word' id='word_1_272' title='bbox 1341 1294 1387 1328; x_wconf 77' lang='lat' dir='ltr'><strong>bie</strong></span> <span class='ocrx_word' id='word_1_273' title='bbox 1413 1295 1510 1337; x_wconf 57' lang='lat' dir='ltr'><strong>mae</strong></span> <span class='ocrx_word' id='word_1_274' title='bbox 1536 1295 1605 1338; x_wconf 70' lang='lat' dir='ltr'><strong>gab.</strong></span> <span class='ocrx_word' id='word_1_275' title='bbox 1655 1296 1700 1329; x_wconf 55' lang='grc' dir='ltr'><strong>ἅτ</strong></span> <span class='ocrx_word' id='word_1_276' title='bbox 1725 1294 1847 1338; x_wconf 70' lang='lat' dir='ltr'><strong>glaubte</strong></span> <span class='ocrx_word' id='word_1_277' title='bbox 1870 1294 2010 1334; x_wconf 62' lang='lat' dir='ltr'><strong>nemus),</strong></span> <span class='ocrx_word' id='word_1_278' title='bbox 2042 1297 2075 1326; x_wconf 64' lang='grc' dir='ltr'><strong>εδ</strong></span> <span class='ocrx_word' id='word_1_279' title='bbox 2101 1293 2140 1334; x_wconf 68' lang='lat' dir='ltr'><strong>fei</strong></span> <span class='ocrx_word' id='word_1_280' title='bbox 2164 1292 2351 1336; x_wconf 56' lang='lat' dir='ltr'><strong>binlfflnglicb</strong></span> 
     </span>
     <span class='ocr_line' id='line_1_22' title="bbox 267 1350 2350 1396; baseline -0.001 -10"><span class='ocrx_word' id='word_1_281' title='bbox 267 1352 311 1386; x_wconf 80' lang='lat' dir='ltr'><strong>im</strong></span> <span class='ocrx_word' id='word_1_282' title='bbox 334 1350 543 1395; x_wconf 66' lang='lat' dir='ltr'><strong>‘nugantium</strong></span> <span class='ocrx_word' id='word_1_283' title='bbox 563 1361 599 1396; x_wconf 62' lang='lat' dir='ltr'><strong>gu</strong></span> <span class='ocrx_word' id='word_1_284' title='bbox 622 1351 728 1394; x_wconf 64' lang='lat' dir='ltr'><strong>mifien,</strong></span> <span class='ocrx_word' id='word_1_285' title='bbox 754 1351 855 1393; x_wconf 69' lang='lat' dir='ltr'><strong>meche</strong></span> <span class='ocrx_word' id='word_1_286' title='bbox 878 1357 966 1386; x_wconf 79' lang='lat' dir='ltr'><strong>nutet</strong></span> <span class='ocrx_word' id='word_1_287' title='bbox 991 1352 1083 1394; x_wconf 76' lang='lat' dir='ltr'><strong>itmen</strong></span> <span class='ocrx_word' id='word_1_288' title='bbox 1107 1352 1153 1386; x_wconf 74' lang='lat' dir='ltr'><strong>bie</strong></span> <span class='ocrx_word' id='word_1_289' title='bbox 1181 1351 1310 1393; x_wconf 67' lang='lat' dir='ltr'><strong>befieten,</strong></span> <span class='ocrx_word' id='word_1_290' title='bbox 1338 1354 1440 1395; x_wconf 60' lang='lat' dir='ltr'><strong>melche</strong></span> <span class='ocrx_word' id='word_1_291' title='bbox 1466 1354 1510 1389; x_wconf 72' lang='lat' dir='ltr'><strong>bic</strong></span> <span class='ocrx_word' id='word_1_292' title='bbox 1535 1354 1719 1396; x_wconf 59' lang='lat' dir='ltr'><strong>ftnkdyteten</strong></span> <span class='ocrx_word' id='word_1_293' title='bbox 1742 1353 1833 1395; x_wconf 62' lang='grc' dir='ltr'><strong>ῖείεης</strong></span> <span class='ocrx_word' id='word_1_294' title='bbox 1858 1354 1922 1387; x_wconf 78' lang='lat' dir='ltr'><strong>unb</strong></span> <span class='ocrx_word' id='word_1_295' title='bbox 1946 1352 2005 1394; x_wconf 69' lang='lat' dir='ltr'><strong>auf</strong></span> <span class='ocrx_word' id='word_1_296' title='bbox 2023 1351 2095 1393; x_wconf 65' lang='lat' dir='ltr'><strong>biefe</strong></span> <span class='ocrx_word' id='word_1_297' title='bbox 2119 1351 2184 1393; x_wconf 63' lang='lat' dir='ltr'><strong>febr</strong></span> <span class='ocrx_word' id='word_1_298' title='bbox 2208 1351 2292 1393; x_wconf 58' lang='lat' dir='ltr'><strong>Ieidyt</strong></span> <span class='ocrx_word' id='word_1_299' title='bbox 2316 1360 2350 1394; x_wconf 62' lang='lat' dir='ltr'><strong>gu</strong></span> 
     </span>
     <span class='ocr_line' id='line_1_23' title="bbox 267 1408 2351 1457; baseline -0.001 -12"><span class='ocrx_word' id='word_1_300' title='bbox 267 1410 449 1445; x_wconf 63' lang='lat' dir='ltr'><strong>manente</strong></span> <span class='ocrx_word' id='word_1_301' title='bbox 472 1410 628 1445; x_wconf 61' lang='lat' dir='ltr'><strong>Smntm&#39;ss</strong></span> <span class='ocrx_word' id='word_1_302' title='bbox 649 1410 706 1453; x_wconf 57' lang='lat' dir='ltr'><strong>bin</strong></span> <span class='ocrx_word' id='word_1_303' title='bbox 727 1410 912 1454; x_wconf 65' lang='lat' dir='ltr'><strong>uutetnnbm</strong></span> <span class='ocrx_word' id='word_1_304' title='bbox 938 1421 969 1444; x_wconf 82' lang='lat' dir='ltr'><strong>et</strong></span> <span class='ocrx_word' id='word_1_305' title='bbox 999 1414 1030 1444; x_wconf 66' lang='grc' dir='ltr'><strong>εδ</strong></span> <span class='ocrx_word' id='word_1_306' title='bbox 1056 1411 1120 1444; x_wconf 76' lang='lat' dir='ltr'><strong>eine</strong></span> <span class='ocrx_word' id='word_1_307' title='bbox 1144 1420 1218 1444; x_wconf 81' lang='lat' dir='ltr'><strong>neue</strong></span> <span class='ocrx_word' id='word_1_308' title='bbox 1240 1411 1401 1455; x_wconf 53' lang='lat' dir='ltr'><strong>&amp;legentium</strong></span> <span class='ocrx_word' id='word_1_309' title='bbox 1434 1413 1484 1446; x_wconf 76' lang='lat' dir='ltr'><strong>bet</strong></span> <span class='ocrx_word' id='word_1_310' title='bbox 1508 1412 1661 1453; x_wconf 62' lang='grc' dir='ltr'><strong>’ὶίηαβαῇὅ</strong></span> <span class='ocrx_word' id='word_1_311' title='bbox 1691 1422 1726 1457; x_wconf 64' lang='lat' dir='ltr'><strong>gu</strong></span> <span class='ocrx_word' id='word_1_312' title='bbox 1759 1411 1904 1456; x_wconf 70' lang='lat' dir='ltr'><strong>gtfinben.</strong></span> <span class='ocrx_word' id='word_1_313' title='bbox 1956 1410 2016 1444; x_wconf 64' lang='lat' dir='ltr'><strong>§Die</strong></span> <span class='ocrx_word' id='word_1_314' title='bbox 2041 1408 2142 1451; x_wconf 59' lang='lat' dir='ltr'><strong>&amp;urbe</strong></span> <span class='ocrx_word' id='word_1_315' title='bbox 2170 1409 2250 1443; x_wconf 57' lang='lat' dir='ltr'><strong>mete</strong></span> <span class='ocrx_word' id='word_1_316' title='bbox 2278 1411 2351 1442; x_wconf 71' lang='lat' dir='ltr'><strong>autb</strong></span> 
     </span>
     <span class='ocr_line' id='line_1_24' title="bbox 264 1467 2349 1513; baseline -0.001 -10"><span class='ocrx_word' id='word_1_317' title='bbox 264 1470 341 1511; x_wconf 61' lang='lat' dir='ltr'><strong>recht</strong></span> <span class='ocrx_word' id='word_1_318' title='bbox 362 1473 418 1513; x_wconf 77' lang='lat' dir='ltr'><strong>gut</strong></span> <span class='ocrx_word' id='word_1_319' title='bbox 444 1478 605 1512; x_wconf 72' lang='lat' dir='ltr'><strong>gegangm,</strong></span> <span class='ocrx_word' id='word_1_320' title='bbox 630 1476 733 1502; x_wconf 76' lang='lat' dir='ltr'><strong>menn</strong></span> <span class='ocrx_word' id='word_1_321' title='bbox 757 1469 819 1502; x_wconf 76' lang='lat' dir='ltr'><strong>bie</strong></span> <span class='ocrx_word' id='word_1_322' title='bbox 844 1468 1006 1510; x_wconf 71' lang='lat' dir='ltr'><strong>Befieren</strong></span> <span class='ocrx_word' id='word_1_323' title='bbox 1029 1469 1326 1512; x_wconf 58' lang='lat' dir='ltr'><strong>banbfcbtiften</strong></span> <span class='ocrx_word' id='word_1_324' title='bbox 1352 1471 1477 1513; x_wconf 66' lang='lat' dir='ltr'><strong>biefess</strong></span> <span class='ocrx_word' id='word_1_325' title='bbox 1503 1470 1657 1505; x_wconf 52' lang='lat' dir='ltr'><strong>&amp;Series</strong></span> <span class='ocrx_word' id='word_1_326' title='bbox 1683 1474 1779 1505; x_wconf 76' lang='lat' dir='ltr'><strong>etma</strong></span> <span class='ocrx_word' id='word_1_327' title='bbox 1802 1469 1947 1512; x_wconf 67' lang='lat' dir='ltr'><strong>eberiso</strong></span> <span class='ocrx_word' id='word_1_328' title='bbox 1972 1468 2194 1513; x_wconf 58' lang='lat' dir='ltr'><strong>notgfiglid)</strong></span> <span class='ocrx_word' id='word_1_329' title='bbox 2220 1467 2349 1507; x_wconf 61' lang='lat' dir='ltr'><strong>radten,</strong></span> 
     </span>
     <span class='ocr_line' id='line_1_25' title="bbox 264 1525 2349 1573; baseline -0.001 -11"><span class='ocrx_word' id='word_1_330' title='bbox 264 1528 333 1562; x_wconf 73' lang='lat' dir='ltr'><strong>mie</strong></span> <span class='ocrx_word' id='word_1_331' title='bbox 354 1527 531 1571; x_wconf 47' lang='lat' dir='ltr'><strong>mettere</strong></span> <span class='ocrx_word' id='word_1_332' title='bbox 554 1527 793 1572; x_wconf 68' lang='lat' dir='ltr'><strong>berienigen,</strong></span> <span class='ocrx_word' id='word_1_333' title='bbox 830 1528 892 1563; x_wconf 79' lang='lat' dir='ltr'><strong>bie</strong></span> <span class='ocrx_word' id='word_1_334' title='bbox 914 1529 981 1562; x_wconf 74' lang='lat' dir='ltr'><strong>mit</strong></span> <span class='ocrx_word' id='word_1_335' title='bbox 1007 1535 1088 1562; x_wconf 66' lang='lat' dir='ltr'><strong>nom</strong></span> <span class='ocrx_word' id='word_1_336' title='bbox 1109 1527 1359 1571; x_wconf 46' lang='lat' dir='ltr'><strong>&amp;bufbbibess</strong></span> <span class='ocrx_word' id='word_1_337' title='bbox 1385 1528 1549 1573; x_wconf 51' lang='lat' dir='ltr'><strong>befissen.</strong></span> <span class='ocrx_word' id='word_1_338' title='bbox 1596 1529 1722 1564; x_wconf 66' lang='lat' dir='ltr'><strong>sseibet</strong></span> <span class='ocrx_word' id='word_1_339' title='bbox 1746 1528 1787 1572; x_wconf 67' lang='lat' dir='ltr'><strong>ist</strong></span> <span class='ocrx_word' id='word_1_340' title='bbox 1811 1529 1899 1563; x_wconf 70' lang='lat' dir='ltr'><strong>biess</strong></span> <span class='ocrx_word' id='word_1_341' title='bbox 1924 1527 2018 1562; x_wconf 68' lang='lat' dir='ltr'><strong>chet</strong></span> <span class='ocrx_word' id='word_1_342' title='bbox 2042 1527 2139 1568; x_wconf 61' lang='lat' dir='ltr'><strong>nicht</strong></span> <span class='ocrx_word' id='word_1_343' title='bbox 2166 1527 2228 1561; x_wconf 73' lang='lat' dir='ltr'><strong>bet</strong></span> <span class='ocrx_word' id='word_1_344' title='bbox 2248 1525 2349 1565; x_wconf 66' lang='grc' dir='ltr'>ῖξαῐῐ.</span> 
     </span>
     <span class='ocr_line' id='line_1_26' title="bbox 262 1585 2353 1631; baseline -0.001 -10"><span class='ocrx_word' id='word_1_345' title='bbox 262 1586 379 1621; x_wconf 66' lang='lat' dir='ltr'><strong>ssDenu</strong></span> <span class='ocrx_word' id='word_1_346' title='bbox 404 1588 493 1628; x_wconf 75' lang='lat' dir='ltr'><strong>eud&gt;</strong></span> <span class='ocrx_word' id='word_1_347' title='bbox 518 1586 574 1620; x_wconf 78' lang='lat' dir='ltr'><strong>bie</strong></span> <span class='ocrx_word' id='word_1_348' title='bbox 602 1585 724 1629; x_wconf 58' lang='lat' dir='ltr'><strong>triten</strong></span> <span class='ocrx_word' id='word_1_349' title='bbox 748 1587 1049 1630; x_wconf 59' lang='lat' dir='ltr'><strong>banbfdytisttn</strong></span> <span class='ocrx_word' id='word_1_350' title='bbox 1075 1587 1141 1622; x_wconf 79' lang='lat' dir='ltr'><strong>bet</strong></span> <span class='ocrx_word' id='word_1_351' title='bbox 1166 1586 1367 1630; x_wconf 66' lang='lat' dir='ltr'><strong>anabasiss</strong></span> <span class='ocrx_word' id='word_1_352' title='bbox 1401 1589 1484 1630; x_wconf 66' lang='lat' dir='ltr'><strong>sint&gt;</strong></span> <span class='ocrx_word' id='word_1_353' title='bbox 1515 1589 1598 1623; x_wconf 60' lang='lat'>”011</span> <span class='ocrx_word' id='word_1_354' title='bbox 1622 1595 1699 1623; x_wconf 67' lang='lat' dir='ltr'><strong>oon</strong></span> <span class='ocrx_word' id='word_1_355' title='bbox 1724 1587 1894 1631; x_wconf 57' lang='lat' dir='ltr'><strong>&amp;ebletn</strong></span> <span class='ocrx_word' id='word_1_356' title='bbox 1918 1586 2020 1621; x_wconf 75' lang='lat' dir='ltr'><strong>aller</strong></span> <span class='ocrx_word' id='word_1_357' title='bbox 2046 1585 2128 1620; x_wconf 59' lang='lat'><strong>2111.</strong></span> <span class='ocrx_word' id='word_1_358' title='bbox 2175 1585 2270 1621; x_wconf 60' lang='lat' dir='ltr'><strong>&amp;att</strong></span> <span class='ocrx_word' id='word_1_359' title='bbox 2295 1586 2353 1626; x_wconf 70' lang='lat' dir='ltr'><strong>auf</strong></span> 
     </span>
     <span class='ocr_line' id='line_1_27' title="bbox 263 1643 2348 1690; baseline -0.001 -10"><span class='ocrx_word' id='word_1_360' title='bbox 263 1646 336 1686; x_wconf 66' lang='lat' dir='ltr'><strong>birse</strong></span> <span class='ocrx_word' id='word_1_361' title='bbox 359 1656 394 1690; x_wconf 65' lang='lat' dir='ltr'><strong>gu</strong></span> <span class='ocrx_word' id='word_1_362' title='bbox 416 1646 531 1680; x_wconf 68' lang='lat' dir='ltr'><strong>merten</strong></span> <span class='ocrx_word' id='word_1_363' title='bbox 553 1646 617 1679; x_wconf 81' lang='lat' dir='ltr'><strong>unb</strong></span> <span class='ocrx_word' id='word_1_364' title='bbox 641 1645 695 1688; x_wconf 64' lang='lat' dir='ltr'><strong>fici)</strong></span> <span class='ocrx_word' id='word_1_365' title='bbox 724 1646 883 1688; x_wconf 58' lang='lat' dir='ltr'><strong>Inscribere</strong></span> <span class='ocrx_word' id='word_1_366' title='bbox 907 1646 953 1680; x_wconf 76' lang='lat' dir='ltr'><strong>bei</strong></span> <span class='ocrx_word' id='word_1_367' title='bbox 977 1647 1021 1689; x_wconf 69' lang='lat' dir='ltr'><strong>cst</strong></span> <span class='ocrx_word' id='word_1_368' title='bbox 1045 1646 1240 1690; x_wconf 67' lang='lat' dir='ltr'><strong>gleidmtdfit&#39;g</strong></span> <span class='ocrx_word' id='word_1_369' title='bbox 1263 1647 1528 1689; x_wconf 71' lang='lat' dir='ltr'><strong>miebetfebtmben</strong></span> <span class='ocrx_word' id='word_1_370' title='bbox 1553 1655 1607 1682; x_wconf 63' lang='lat' dir='ltr'><strong>»ot</strong></span> <span class='ocrx_word' id='word_1_371' title='bbox 1631 1647 1852 1690; x_wconf 56' lang='lat' dir='ltr'><strong>Quaerungen</strong></span> <span class='ocrx_word' id='word_1_372' title='bbox 1870 1656 1905 1690; x_wconf 70' lang='lat' dir='ltr'><strong>gu</strong></span> <span class='ocrx_word' id='word_1_373' title='bbox 1929 1645 2041 1688; x_wconf 67' lang='lat' dir='ltr'><strong>buten,</strong></span> <span class='ocrx_word' id='word_1_374' title='bbox 2077 1645 2143 1687; x_wconf 70' lang='lat' dir='ltr'><strong>[yut</strong></span> <span class='ocrx_word' id='word_1_375' title='bbox 2175 1644 2274 1684; x_wconf 53' lang='lat' dir='ltr'><strong>§etr</strong></span> <span class='ocrx_word' id='word_1_376' title='bbox 2305 1643 2348 1677; x_wconf 56' lang='grc' dir='ltr'><strong>ΞΒ.</strong></span> 
     </span>
     <span class='ocr_line' id='line_1_28' title="bbox 263 1703 2219 1749; baseline -0.002 -10"><span class='ocrx_word' id='word_1_377' title='bbox 263 1715 310 1739; x_wconf 75' lang='lat' dir='ltr'><strong>un</strong></span> <span class='ocrx_word' id='word_1_378' title='bbox 346 1705 450 1739; x_wconf 78' lang='lat' dir='ltr'><strong>einer</strong></span> <span class='ocrx_word' id='word_1_379' title='bbox 479 1704 622 1749; x_wconf 54' lang='lat' dir='ltr'><strong>§lenge</strong></span> <span class='ocrx_word' id='word_1_380' title='bbox 655 1712 733 1739; x_wconf 70' lang='lat' dir='ltr'><strong>non</strong></span> <span class='ocrx_word' id='word_1_381' title='bbox 768 1703 926 1740; x_wconf 62' lang='lat' dir='ltr'><strong>&amp;telltu</strong></span> <span class='ocrx_word' id='word_1_382' title='bbox 956 1705 1093 1749; x_wconf 69' lang='lat' dir='ltr'><strong>salfdye</strong></span> <span class='ocrx_word' id='word_1_383' title='bbox 1119 1704 1305 1740; x_wconf 61' lang='lat' dir='ltr'><strong>§Ressatten</strong></span> <span class='ocrx_word' id='word_1_384' title='bbox 1335 1707 1443 1747; x_wconf 67' lang='lat' dir='ltr'><strong>iener</strong></span> <span class='ocrx_word' id='word_1_385' title='bbox 1467 1705 1747 1749; x_wconf 60' lang='lat' dir='ltr'><strong>Ranufftipte</strong></span> <span class='ocrx_word' id='word_1_386' title='bbox 1772 1704 1891 1749; x_wconf 61' lang='lat' dir='ltr'><strong>nistig</strong></span> <span class='ocrx_word' id='word_1_387' title='bbox 1923 1703 2219 1749; x_wconf 52' lang='lat' dir='ltr'><strong>eingeft&#39;focbtst‘</strong></span> 
     </span>
    </p>

    <p class='ocr_par' dir='ltr' id='par_1_4' title="bbox 261 1760 2351 2339">
     <span class='ocr_line' id='line_1_29' title="bbox 437 1760 2350 1811; baseline -0.002 -14"><span class='ocrx_word' id='word_1_388' title='bbox 437 1761 518 1797; x_wconf 85' lang='lat' dir='ltr'><strong>Dixi</strong></span> <span class='ocrx_word' id='word_1_389' title='bbox 542 1773 632 1810; x_wconf 88' lang='lat' dir='ltr'><strong>quae</strong></span> <span class='ocrx_word' id='word_1_390' title='bbox 656 1761 770 1810; x_wconf 88' lang='lat' dir='ltr'><strong>potui,</strong></span> <span class='ocrx_word' id='word_1_391' title='bbox 801 1774 871 1798; x_wconf 92' lang='lat' dir='ltr'><strong>non</strong></span> <span class='ocrx_word' id='word_1_392' title='bbox 897 1767 937 1798; x_wconf 92' lang='lat' dir='ltr'><strong>ut</strong></span> <span class='ocrx_word' id='word_1_393' title='bbox 970 1761 1081 1805; x_wconf 88' lang='lat' dir='ltr'><strong>volui,</strong></span> <span class='ocrx_word' id='word_1_394' title='bbox 1114 1761 1173 1797; x_wconf 89' lang='lat' dir='ltr'><strong>sed</strong></span> <span class='ocrx_word' id='word_1_395' title='bbox 1203 1767 1242 1798; x_wconf 88' lang='lat' dir='ltr'><strong>ut</strong></span> <span class='ocrx_word' id='word_1_396' title='bbox 1274 1774 1328 1798; x_wconf 90' lang='lat' dir='ltr'><strong>me</strong></span> <span class='ocrx_word' id='word_1_397' title='bbox 1358 1762 1460 1810; x_wconf 90' lang='lat' dir='ltr'><strong>spatii</strong></span> <span class='ocrx_word' id='word_1_398' title='bbox 1490 1762 1668 1811; x_wconf 82' lang='lat' dir='ltr'><strong>angustiae</strong></span> <span class='ocrx_word' id='word_1_399' title='bbox 1700 1766 1900 1810; x_wconf 74' lang='lat' dir='ltr'><strong>coegerunt.</strong></span> <span class='ocrx_word' id='word_1_400' title='bbox 1949 1761 1981 1797; x_wconf 87' lang='lat' dir='ltr'>E</span> <span class='ocrx_word' id='word_1_401' title='bbox 2015 1760 2144 1809; x_wconf 91' lang='lat' dir='ltr'><strong>quibus</strong></span> <span class='ocrx_word' id='word_1_402' title='bbox 2180 1760 2209 1795; x_wconf 94' lang='lat' dir='ltr'><strong>si</strong></span> <span class='ocrx_word' id='word_1_403' title='bbox 2246 1769 2350 1806; x_wconf 90' lang='lat' dir='ltr'><strong>appa-</strong></span> 
     </span>
     <span class='ocr_line' id='line_1_30' title="bbox 265 1816 2351 1868; baseline -0.001 -13"><span class='ocrx_word' id='word_1_404' title='bbox 265 1832 340 1856; x_wconf 88' lang='lat' dir='ltr'><strong>rere</strong></span> <span class='ocrx_word' id='word_1_405' title='bbox 363 1819 521 1857; x_wconf 87' lang='lat' dir='ltr'><strong>videatur</strong></span> <span class='ocrx_word' id='word_1_406' title='bbox 547 1831 603 1856; x_wconf 90' lang='lat' dir='ltr'><strong>me</strong></span> <span class='ocrx_word' id='word_1_407' title='bbox 626 1820 661 1856; x_wconf 92' lang='lat' dir='ltr'><strong>in</strong></span> <span class='ocrx_word' id='word_1_408' title='bbox 686 1819 845 1856; x_wconf 90' lang='lat' dir='ltr'><strong>oratione</strong></span> <span class='ocrx_word' id='word_1_409' title='bbox 869 1819 1117 1868; x_wconf 86' lang='lat' dir='ltr'><strong>Xenophontis</strong></span> <span class='ocrx_word' id='word_1_410' title='bbox 1140 1820 1381 1857; x_wconf 88' lang='lat' dir='ltr'><strong>constituenda</strong></span> <span class='ocrx_word' id='word_1_411' title='bbox 1405 1832 1476 1857; x_wconf 91' lang='lat' dir='ltr'><strong>non</strong></span> <span class='ocrx_word' id='word_1_412' title='bbox 1509 1825 1639 1857; x_wconf 82' lang='lat' dir='ltr'><strong>temere</strong></span> <span class='ocrx_word' id='word_1_413' title='bbox 1671 1832 1711 1857; x_wconf 89' lang='lat' dir='ltr'><strong>ac</strong></span> <span class='ocrx_word' id='word_1_414' title='bbox 1744 1820 1818 1856; x_wconf 90' lang='lat' dir='ltr'><strong>sine</strong></span> <span class='ocrx_word' id='word_1_415' title='bbox 1852 1818 1998 1856; x_wconf 89' lang='lat' dir='ltr'><strong>consilio</strong></span> <span class='ocrx_word' id='word_1_416' title='bbox 2030 1818 2159 1866; x_wconf 88' lang='lat' dir='ltr'><strong>egisse,</strong></span> <span class='ocrx_word' id='word_1_417' title='bbox 2194 1816 2266 1854; x_wconf 90' lang='lat' dir='ltr'><strong>noli</strong></span> <span class='ocrx_word' id='word_1_418' title='bbox 2300 1822 2351 1853; x_wconf 88' lang='lat' dir='ltr'><strong>ta-</strong></span> 
     </span>
     <span class='ocr_line' id='line_1_31' title="bbox 266 1875 2350 1927; baseline -0.001 -13"><span class='ocrx_word' id='word_1_419' title='bbox 266 1890 345 1915; x_wconf 87' lang='lat' dir='ltr'><strong>men</strong></span> <span class='ocrx_word' id='word_1_420' title='bbox 380 1878 594 1919; x_wconf 85' lang='lat' dir='ltr'><strong>existimare,</strong></span> <span class='ocrx_word' id='word_1_421' title='bbox 632 1878 697 1915; x_wconf 84' lang='lat' dir='ltr'><strong>Vir</strong></span> <span class='ocrx_word' id='word_1_422' title='bbox 721 1878 944 1921; x_wconf 88' lang='lat' dir='ltr'><strong>amicissime,</strong></span> <span class='ocrx_word' id='word_1_423' title='bbox 979 1890 1034 1915; x_wconf 91' lang='lat' dir='ltr'><strong>me</strong></span> <span class='ocrx_word' id='word_1_424' title='bbox 1056 1884 1155 1915; x_wconf 93' lang='lat' dir='ltr'><strong>tuum</strong></span> <span class='ocrx_word' id='word_1_425' title='bbox 1183 1879 1244 1916; x_wconf 88' lang='lat' dir='ltr'><strong>hac</strong></span> <span class='ocrx_word' id='word_1_426' title='bbox 1271 1879 1313 1916; x_wconf 90' lang='lat' dir='ltr'><strong>de</strong></span> <span class='ocrx_word' id='word_1_427' title='bbox 1337 1890 1375 1916; x_wconf 90' lang='lat' dir='ltr'><strong>re</strong></span> <span class='ocrx_word' id='word_1_428' title='bbox 1397 1878 1567 1927; x_wconf 88' lang='lat' dir='ltr'><strong>judicium</strong></span> <span class='ocrx_word' id='word_1_429' title='bbox 1593 1879 1736 1916; x_wconf 88' lang='lat' dir='ltr'><strong>minoris</strong></span> <span class='ocrx_word' id='word_1_430' title='bbox 1760 1878 1872 1915; x_wconf 80' lang='lat' dir='ltr'><strong>facere</strong></span> <span class='ocrx_word' id='word_1_431' title='bbox 1906 1882 2013 1925; x_wconf 89' lang='lat' dir='ltr'><strong>atque</strong></span> <span class='ocrx_word' id='word_1_432' title='bbox 2035 1876 2222 1925; x_wconf 87' lang='lat' dir='ltr'><strong>despicere.</strong></span> <span class='ocrx_word' id='word_1_433' title='bbox 2273 1875 2350 1911; x_wconf 87' lang='lat' dir='ltr'><strong>Imo</strong></span> 
     </span>
     <span class='ocr_line' id='line_1_32' title="bbox 265 1933 2350 1986; baseline -0.001 -14"><span class='ocrx_word' id='word_1_434' title='bbox 265 1936 369 1973; x_wconf 88' lang='lat' dir='ltr'><strong>etiam</strong></span> <span class='ocrx_word' id='word_1_435' title='bbox 397 1942 502 1985; x_wconf 89' lang='lat' dir='ltr'><strong>atque</strong></span> <span class='ocrx_word' id='word_1_436' title='bbox 526 1937 629 1974; x_wconf 90' lang='lat' dir='ltr'><strong>etiam</strong></span> <span class='ocrx_word' id='word_1_437' title='bbox 652 1949 672 1974; x_wconf 86' lang='lat' dir='ltr'><strong>a</strong></span> <span class='ocrx_word' id='word_1_438' title='bbox 695 1942 730 1974; x_wconf 92' lang='lat' dir='ltr'><strong>te</strong></span> <span class='ocrx_word' id='word_1_439' title='bbox 749 1942 841 1985; x_wconf 86' lang='lat' dir='ltr'><strong>peto,</strong></span> <span class='ocrx_word' id='word_1_440' title='bbox 863 1942 914 1981; x_wconf 86' lang='lat' dir='ltr'><strong>ut,</strong></span> <span class='ocrx_word' id='word_1_441' title='bbox 932 1937 959 1974; x_wconf 92' lang='lat' dir='ltr'><strong>si</strong></span> <span class='ocrx_word' id='word_1_442' title='bbox 984 1937 1047 1974; x_wconf 87' lang='lat' dir='ltr'><strong>tibi</strong></span> <span class='ocrx_word' id='word_1_443' title='bbox 1073 1949 1123 1980; x_wconf 83' lang='lat' dir='ltr'><strong>ea,</strong></span> <span class='ocrx_word' id='word_1_444' title='bbox 1150 1949 1238 1986; x_wconf 89' lang='lat' dir='ltr'><strong>quae</strong></span> <span class='ocrx_word' id='word_1_445' title='bbox 1260 1950 1280 1975; x_wconf 90' lang='lat' dir='ltr'><strong>a</strong></span> <span class='ocrx_word' id='word_1_446' title='bbox 1306 1949 1360 1974; x_wconf 92' lang='lat' dir='ltr'><strong>me</strong></span> <span class='ocrx_word' id='word_1_447' title='bbox 1383 1937 1559 1986; x_wconf 86' lang='lat' dir='ltr'><strong>disputata</strong></span> <span class='ocrx_word' id='word_1_448' title='bbox 1585 1943 1676 1981; x_wconf 90' lang='lat' dir='ltr'><strong>sunt,</strong></span> <span class='ocrx_word' id='word_1_449' title='bbox 1697 1937 1812 1974; x_wconf 89' lang='lat' dir='ltr'><strong>minus</strong></span> <span class='ocrx_word' id='word_1_450' title='bbox 1834 1936 2086 1985; x_wconf 88' lang='lat' dir='ltr'><strong>probabuntur,</strong></span> <span class='ocrx_word' id='word_1_451' title='bbox 2112 1947 2193 1973; x_wconf 83' lang='lat' dir='ltr'><strong>mox</strong></span> <span class='ocrx_word' id='word_1_452' title='bbox 2215 1933 2350 1983; x_wconf 81' lang='lat' dir='ltr'><strong>plenius</strong></span> 
     </span>
     <span class='ocr_line' id='line_1_33' title="bbox 264 1992 2350 2046; baseline -0.001 -14"><span class='ocrx_word' id='word_1_453' title='bbox 264 2000 371 2044; x_wconf 83' lang='lat' dir='ltr'><strong>atque</strong></span> <span class='ocrx_word' id='word_1_454' title='bbox 392 1996 536 2032; x_wconf 89' lang='lat' dir='ltr'><strong>uberius</strong></span> <span class='ocrx_word' id='word_1_455' title='bbox 563 1996 606 2033; x_wconf 93' lang='lat' dir='ltr'><strong>de</strong></span> <span class='ocrx_word' id='word_1_456' title='bbox 638 1996 755 2032; x_wconf 87' lang='lat' dir='ltr'><strong>critica</strong></span> <span class='ocrx_word' id='word_1_457' title='bbox 781 1996 815 2032; x_wconf 92' lang='lat' dir='ltr'><strong>in</strong></span> <span class='ocrx_word' id='word_1_458' title='bbox 842 1996 994 2033; x_wconf 82' lang='lat' dir='ltr'><strong>Anabasi</strong></span> <span class='ocrx_word' id='word_1_459' title='bbox 1022 1996 1206 2033; x_wconf 81' lang='lat' dir='ltr'><strong>sactitanda</strong></span> <span class='ocrx_word' id='word_1_460' title='bbox 1233 1997 1275 2034; x_wconf 88' lang='lat' dir='ltr'><strong>ad</strong></span> <span class='ocrx_word' id='word_1_461' title='bbox 1304 2009 1358 2033; x_wconf 91' lang='lat' dir='ltr'><strong>me</strong></span> <span class='ocrx_word' id='word_1_462' title='bbox 1391 1997 1594 2046; x_wconf 85' lang='lat' dir='ltr'><strong>perscribas.</strong></span> <span class='ocrx_word' id='word_1_463' title='bbox 1647 1996 1801 2034; x_wconf 92' lang='lat' dir='ltr'><strong>Omnino</strong></span> <span class='ocrx_word' id='word_1_464' title='bbox 1829 1995 1878 2032; x_wconf 91' lang='lat' dir='ltr'><strong>sic</strong></span> <span class='ocrx_word' id='word_1_465' title='bbox 1907 1995 2007 2032; x_wconf 88' lang='lat' dir='ltr'><strong>velim</strong></span> <span class='ocrx_word' id='word_1_466' title='bbox 2034 1995 2097 2032; x_wconf 93' lang='lat' dir='ltr'><strong>tibi</strong></span> <span class='ocrx_word' id='word_1_467' title='bbox 2130 1992 2350 2043; x_wconf 87' lang='lat' dir='ltr'><strong>persuadeas,</strong></span> 
     </span>
     <span class='ocr_line' id='line_1_34' title="bbox 266 2052 2349 2102; baseline -0.001 -13"><span class='ocrx_word' id='word_1_468' title='bbox 266 2066 320 2089; x_wconf 91' lang='lat' dir='ltr'><strong>me</strong></span> <span class='ocrx_word' id='word_1_469' title='bbox 345 2054 429 2090; x_wconf 85' lang='lat' dir='ltr'><strong>haec</strong></span> <span class='ocrx_word' id='word_1_470' title='bbox 450 2068 520 2090; x_wconf 89' lang='lat' dir='ltr'><strong>non</strong></span> <span class='ocrx_word' id='word_1_471' title='bbox 544 2066 587 2090; x_wconf 90' lang='lat' dir='ltr'><strong>eo</strong></span> <span class='ocrx_word' id='word_1_472' title='bbox 613 2054 828 2097; x_wconf 90' lang='lat' dir='ltr'><strong>disseruisse,</strong></span> <span class='ocrx_word' id='word_1_473' title='bbox 851 2060 891 2090; x_wconf 90' lang='lat' dir='ltr'><strong>ut</strong></span> <span class='ocrx_word' id='word_1_474' title='bbox 918 2067 974 2090; x_wconf 90' lang='lat' dir='ltr'><strong>me</strong></span> <span class='ocrx_word' id='word_1_475' title='bbox 998 2067 1115 2091; x_wconf 88' lang='lat' dir='ltr'><strong>verum</strong></span> <span class='ocrx_word' id='word_1_476' title='bbox 1140 2055 1264 2092; x_wconf 88' lang='lat' dir='ltr'><strong>vidisse</strong></span> <span class='ocrx_word' id='word_1_477' title='bbox 1285 2055 1572 2098; x_wconf 85' lang='lat' dir='ltr'><strong>demonstrarem,</strong></span> <span class='ocrx_word' id='word_1_478' title='bbox 1595 2055 1654 2091; x_wconf 84' lang='lat' dir='ltr'><strong>sed</strong></span> <span class='ocrx_word' id='word_1_479' title='bbox 1679 2060 1718 2091; x_wconf 92' lang='lat' dir='ltr'><strong>ut</strong></span> <span class='ocrx_word' id='word_1_480' title='bbox 1743 2054 1970 2102; x_wconf 85' lang='lat' dir='ltr'><strong>Xenophonti</strong></span> <span class='ocrx_word' id='word_1_481' title='bbox 1995 2065 2244 2090; x_wconf 87' lang='lat' dir='ltr'><strong>succurrerem.</strong></span> <span class='ocrx_word' id='word_1_482' title='bbox 2282 2052 2349 2088; x_wconf 88' lang='lat' dir='ltr'><strong>Ne-</strong></span> 
     </span>
     <span class='ocr_line' id='line_1_35' title="bbox 263 2110 2348 2162; baseline -0 -15"><span class='ocrx_word' id='word_1_483' title='bbox 263 2123 333 2159; x_wconf 84' lang='lat' dir='ltr'><strong>que</strong></span> <span class='ocrx_word' id='word_1_484' title='bbox 360 2112 388 2148; x_wconf 89' lang='lat' dir='ltr'><strong>si</strong></span> <span class='ocrx_word' id='word_1_485' title='bbox 416 2124 520 2160; x_wconf 91' lang='lat' dir='ltr'><strong>quem</strong></span> <span class='ocrx_word' id='word_1_486' title='bbox 548 2125 691 2156; x_wconf 85' lang='lat' dir='ltr'><strong>eorum,</strong></span> <span class='ocrx_word' id='word_1_487' title='bbox 727 2113 787 2161; x_wconf 91' lang='lat' dir='ltr'><strong>qui</strong></span> <span class='ocrx_word' id='word_1_488' title='bbox 811 2113 991 2149; x_wconf 80' lang='lat' dir='ltr'><strong>Anabasin</strong></span> <span class='ocrx_word' id='word_1_489' title='bbox 1015 2114 1217 2156; x_wconf 87' lang='lat' dir='ltr'><strong>ediderunt,</strong></span> <span class='ocrx_word' id='word_1_490' title='bbox 1251 2114 1303 2150; x_wconf 86' lang='lat' dir='ltr'><strong>his</strong></span> <span class='ocrx_word' id='word_1_491' title='bbox 1325 2114 1433 2150; x_wconf 86' lang='lat' dir='ltr'><strong>literis</strong></span> <span class='ocrx_word' id='word_1_492' title='bbox 1460 2114 1564 2162; x_wconf 88' lang='lat' dir='ltr'><strong>paulo</strong></span> <span class='ocrx_word' id='word_1_493' title='bbox 1586 2114 1723 2162; x_wconf 86' lang='lat' dir='ltr'><strong>gravius</strong></span> <span class='ocrx_word' id='word_1_494' title='bbox 1746 2113 2065 2162; x_wconf 79' lang='lat' dir='ltr'><strong>reprehendendum</strong></span> <span class='ocrx_word' id='word_1_495' title='bbox 2090 2112 2190 2156; x_wconf 85' lang='lat' dir='ltr'><strong>duxi,</strong></span> <span class='ocrx_word' id='word_1_496' title='bbox 2224 2111 2257 2148; x_wconf 92' lang='lat' dir='ltr'><strong>id</strong></span> <span class='ocrx_word' id='word_1_497' title='bbox 2283 2110 2348 2147; x_wconf 88' lang='lat' dir='ltr'><strong>alia</strong></span> 
     </span>
     <span class='ocr_line' id='line_1_36' title="bbox 263 2169 2347 2221; baseline -0.001 -14"><span class='ocrx_word' id='word_1_498' title='bbox 263 2170 306 2207; x_wconf 88' lang='lat' dir='ltr'><strong>de</strong></span> <span class='ocrx_word' id='word_1_499' title='bbox 329 2183 432 2208; x_wconf 88' lang='lat' dir='ltr'><strong>causa</strong></span> <span class='ocrx_word' id='word_1_500' title='bbox 459 2171 587 2209; x_wconf 79' lang='lat' dir='ltr'><strong>factum</strong></span> <span class='ocrx_word' id='word_1_501' title='bbox 614 2172 798 2220; x_wconf 84' lang='lat' dir='ltr'><strong>putaveris,</strong></span> <span class='ocrx_word' id='word_1_502' title='bbox 825 2183 929 2219; x_wconf 91' lang='lat' dir='ltr'><strong>quam</strong></span> <span class='ocrx_word' id='word_1_503' title='bbox 957 2177 998 2209; x_wconf 89' lang='lat' dir='ltr'><strong>ut</strong></span> <span class='ocrx_word' id='word_1_504' title='bbox 1022 2173 1290 2221; x_wconf 88' lang='lat' dir='ltr'><strong>Xenophontem</strong></span> <span class='ocrx_word' id='word_1_505' title='bbox 1317 2173 1361 2210; x_wconf 90' lang='lat' dir='ltr'><strong>ab</strong></span> <span class='ocrx_word' id='word_1_506' title='bbox 1386 2172 1439 2211; x_wconf 94' lang='lat' dir='ltr'><strong>his</strong></span> <span class='ocrx_word' id='word_1_507' title='bbox 1465 2172 1539 2221; x_wconf 84' lang='lat' dir='ltr'><strong>ejus</strong></span> <span class='ocrx_word' id='word_1_508' title='bbox 1562 2173 1680 2210; x_wconf 90' lang='lat' dir='ltr'><strong>amicis</strong></span> <span class='ocrx_word' id='word_1_509' title='bbox 1706 2172 1921 2211; x_wconf 71' lang='lat' dir='ltr'><strong>defenderem</strong></span> <span class='ocrx_word' id='word_1_510' title='bbox 1949 2177 2055 2220; x_wconf 87' lang='lat' dir='ltr'><strong>atque</strong></span> <span class='ocrx_word' id='word_1_511' title='bbox 2080 2170 2262 2213; x_wconf 88' lang='lat' dir='ltr'><strong>munirem,</strong></span> <span class='ocrx_word' id='word_1_512' title='bbox 2288 2169 2347 2218; x_wconf 91' lang='lat' dir='ltr'><strong>qui</strong></span> 
     </span>
     <span class='ocr_line' id='line_1_37' title="bbox 263 2228 2347 2280; baseline -0.001 -15"><span class='ocrx_word' id='word_1_513' title='bbox 263 2229 505 2278; x_wconf 86' lang='lat' dir='ltr'><strong>Xenophontis</strong></span> <span class='ocrx_word' id='word_1_514' title='bbox 531 2231 709 2267; x_wconf 80' lang='lat' dir='ltr'><strong>Anabasin</strong></span> <span class='ocrx_word' id='word_1_515' title='bbox 733 2231 860 2267; x_wconf 85' lang='lat' dir='ltr'><strong>edituri</strong></span> <span class='ocrx_word' id='word_1_516' title='bbox 882 2231 998 2279; x_wconf 88' lang='lat' dir='ltr'><strong>potius</strong></span> <span class='ocrx_word' id='word_1_517' title='bbox 1027 2231 1154 2267; x_wconf 86' lang='lat' dir='ltr'><strong>librarii</strong></span> <span class='ocrx_word' id='word_1_518' title='bbox 1180 2232 1323 2280; x_wconf 90' lang='lat' dir='ltr'><strong>alicujus</strong></span> <span class='ocrx_word' id='word_1_519' title='bbox 1350 2231 1443 2267; x_wconf 91' lang='lat' dir='ltr'><strong>docti</strong></span> <span class='ocrx_word' id='word_1_520' title='bbox 1471 2236 1577 2279; x_wconf 88' lang='lat' dir='ltr'><strong>atque</strong></span> <span class='ocrx_word' id='word_1_521' title='bbox 1602 2232 1767 2279; x_wconf 84' lang='lat' dir='ltr'><strong>ingeniosi</strong></span> <span class='ocrx_word' id='word_1_522' title='bbox 1793 2231 1966 2268; x_wconf 86' lang='lat' dir='ltr'><strong>Anabasin</strong></span> <span class='ocrx_word' id='word_1_523' title='bbox 1990 2231 2148 2267; x_wconf 88' lang='lat' dir='ltr'><strong>emittere</strong></span> <span class='ocrx_word' id='word_1_524' title='bbox 2172 2241 2212 2265; x_wconf 90' lang='lat' dir='ltr'><strong>ac</strong></span> <span class='ocrx_word' id='word_1_525' title='bbox 2237 2228 2347 2265; x_wconf 87' lang='lat' dir='ltr'><strong>divul-</strong></span> 
     </span>
     <span class='ocr_line' id='line_1_38' title="bbox 261 2288 2346 2339; baseline -0.001 -15"><span class='ocrx_word' id='word_1_526' title='bbox 261 2300 341 2334; x_wconf 86' lang='lat' dir='ltr'><strong>gare</strong></span> <span class='ocrx_word' id='word_1_527' title='bbox 367 2288 566 2325; x_wconf 87' lang='lat' dir='ltr'><strong>viderentur</strong></span> <span class='ocrx_word' id='word_1_528' title='bbox 593 2291 660 2334; x_wconf 60' lang='lat'><strong>²³).</strong></span> <span class='ocrx_word' id='word_1_529' title='bbox 708 2289 813 2332; x_wconf 85' lang='lat' dir='ltr'><strong>Cura,</strong></span> <span class='ocrx_word' id='word_1_530' title='bbox 834 2295 873 2326; x_wconf 89' lang='lat' dir='ltr'><strong>ut</strong></span> <span class='ocrx_word' id='word_1_531' title='bbox 896 2290 1020 2332; x_wconf 84' lang='lat' dir='ltr'><strong>valeas,</strong></span> <span class='ocrx_word' id='word_1_532' title='bbox 1044 2296 1079 2326; x_wconf 88' lang='lat' dir='ltr'><strong>et</strong></span> <span class='ocrx_word' id='word_1_533' title='bbox 1106 2304 1171 2333; x_wconf 81' lang='lat' dir='ltr'><strong>mc,</strong></span> <span class='ocrx_word' id='word_1_534' title='bbox 1198 2304 1300 2339; x_wconf 87' lang='lat' dir='ltr'><strong>quem</strong></span> <span class='ocrx_word' id='word_1_535' title='bbox 1328 2290 1378 2326; x_wconf 87' lang='lat' dir='ltr'><strong>tui</strong></span> <span class='ocrx_word' id='word_1_536' title='bbox 1404 2289 1471 2326; x_wconf 89' lang='lat' dir='ltr'><strong>scis</strong></span> <span class='ocrx_word' id='word_1_537' title='bbox 1492 2290 1764 2327; x_wconf 83' lang='lat' dir='ltr'><strong>amantissimum</strong></span> <span class='ocrx_word' id='word_1_538' title='bbox 1790 2302 1881 2333; x_wconf 82' lang='lat' dir='ltr'><strong>esse,</strong></span> <span class='ocrx_word' id='word_1_539' title='bbox 1918 2290 2067 2326; x_wconf 85' lang='lat' dir='ltr'><strong>vicissim</strong></span> <span class='ocrx_word' id='word_1_540' title='bbox 2095 2300 2212 2325; x_wconf 87' lang='lat' dir='ltr'><strong>amare</strong></span> <span class='ocrx_word' id='word_1_541' title='bbox 2233 2298 2346 2335; x_wconf 84' lang='lat' dir='ltr'><strong>perge.</strong></span> 
     </span>
    </p>
   </div>
   <div class='ocr_carea' id='block_1_3' title="bbox 264 2346 1430 2394">
    <p class='ocr_par' dir='ltr' id='par_1_5' title="bbox 264 2346 1430 2394">
     <span class='ocr_line' id='line_1_39' title="bbox 264 2346 1430 2394; baseline 0.001 -11"><span class='ocrx_word' id='word_1_542' title='bbox 264 2346 396 2384; x_wconf 88' lang='lat' dir='ltr'><strong>Dabam</strong></span> <span class='ocrx_word' id='word_1_543' title='bbox 423 2347 692 2394; x_wconf 70' lang='lat' dir='ltr'><strong>Quedilinburgi</strong></span> <span class='ocrx_word' id='word_1_544' title='bbox 719 2348 775 2385; x_wconf 87' lang='lat' dir='ltr'><strong>dic</strong></span> <span class='ocrx_word' id='word_1_545' title='bbox 801 2349 961 2386; x_wconf 84' lang='lat' dir='ltr'><strong>XXVlll</strong></span> <span class='ocrx_word' id='word_1_546' title='bbox 986 2349 1087 2386; x_wconf 87' lang='lat' dir='ltr'><strong>Febr.</strong></span> <span class='ocrx_word' id='word_1_547' title='bbox 1116 2362 1146 2385; x_wconf 89' lang='lat' dir='ltr'><strong>a.</strong></span> <span class='ocrx_word' id='word_1_548' title='bbox 1168 2348 1430 2388; x_wconf 85' lang='lat' dir='ltr'><strong>MDCCCLIH.</strong></span> 
     </span>
    </p>
   </div>
   <div class='ocr_carea' id='block_1_4' title="bbox 260 2465 2346 2545">
    <p class='ocr_par' dir='ltr' id='par_1_6' title="bbox 260 2465 2346 2545">
     <span class='ocr_line' id='line_1_40' title="bbox 260 2465 2346 2506; baseline -0 -12"><span class='ocrx_word' id='word_1_549' title='bbox 260 2467 316 2494; x_wconf 86' lang='lat' dir='ltr'><strong>illo</strong></span> <span class='ocrx_word' id='word_1_550' title='bbox 339 2468 419 2495; x_wconf 82' lang='lat' dir='ltr'><strong>libro</strong></span> <span class='ocrx_word' id='word_1_551' title='bbox 440 2469 585 2496; x_wconf 84' lang='lat' dir='ltr'><strong>utendum</strong></span> <span class='ocrx_word' id='word_1_552' title='bbox 606 2474 668 2505; x_wconf 78' lang='lat' dir='ltr'><strong>est,</strong></span> <span class='ocrx_word' id='word_1_553' title='bbox 692 2471 804 2505; x_wconf 80' lang='lat' dir='ltr'><strong>qnippe</strong></span> <span class='ocrx_word' id='word_1_554' title='bbox 824 2471 937 2498; x_wconf 74' lang='lat' dir='ltr'><strong>doctas</strong></span> <span class='ocrx_word' id='word_1_555' title='bbox 959 2470 1170 2506; x_wconf 64' lang='lat' dir='ltr'><strong>indoctusque</strong></span> <span class='ocrx_word' id='word_1_556' title='bbox 1192 2470 1467 2505; x_wconf 67' lang='lat' dir='ltr'><strong>grammaticorum</strong></span> <span class='ocrx_word' id='word_1_557' title='bbox 1493 2478 1601 2498; x_wconf 75' lang='lat' dir='ltr'><strong>manus</strong></span> <span class='ocrx_word' id='word_1_558' title='bbox 1624 2478 1684 2498; x_wconf 83' lang='lat' dir='ltr'><strong>non</strong></span> <span class='ocrx_word' id='word_1_559' title='bbox 1706 2478 1766 2499; x_wconf 88' lang='lat' dir='ltr'><strong>uno</strong></span> <span class='ocrx_word' id='word_1_560' title='bbox 1789 2472 1819 2499; x_wconf 89' lang='lat' dir='ltr'><strong>in</strong></span> <span class='ocrx_word' id='word_1_561' title='bbox 1843 2472 1917 2500; x_wconf 84' lang='lat' dir='ltr'><strong>loco</strong></span> <span class='ocrx_word' id='word_1_562' title='bbox 1938 2467 2103 2504; x_wconf 63' lang='lat' dir='ltr'><strong>expertof‘</strong></span> <span class='ocrx_word' id='word_1_563' title='bbox 2145 2465 2207 2496; x_wconf 89' lang='lat' dir='ltr'><strong>Sed</strong></span> <span class='ocrx_word' id='word_1_564' title='bbox 2229 2466 2288 2494; x_wconf 75' lang='lat' dir='ltr'><strong>hac</strong></span> <span class='ocrx_word' id='word_1_565' title='bbox 2309 2465 2346 2493; x_wconf 85' lang='lat' dir='ltr'><strong>de</strong></span> 
     </span>
     <span class='ocr_line' id='line_1_41' title="bbox 261 2516 409 2545; baseline 0.014 -3"><span class='ocrx_word' id='word_1_566' title='bbox 261 2522 296 2542; x_wconf 90' lang='lat' dir='ltr'><strong>re</strong></span> <span class='ocrx_word' id='word_1_567' title='bbox 316 2516 409 2545; x_wconf 79' lang='lat' dir='ltr'><strong>alias.</strong></span> 
     </span>
    </p>
   </div>
   <div class='ocr_carea' id='block_1_5' title="bbox 434 2563 1031 2602">
    <p class='ocr_par' dir='ltr' id='par_1_7' title="bbox 434 2563 1031 2602">
     <span class='ocr_line' id='line_1_42' title="bbox 434 2563 1031 2602; baseline 0.002 -8"><span class='ocrx_word' id='word_1_568' title='bbox 434 2563 483 2599; x_wconf 61' lang='lat'><strong>³³)</strong></span> <span class='ocrx_word' id='word_1_569' title='bbox 505 2567 541 2594; x_wconf 78' lang='lat' dir='ltr'><strong>V.</strong></span> <span class='ocrx_word' id='word_1_570' title='bbox 561 2567 799 2596; x_wconf 80' lang='lat' dir='ltr'><strong>annotationem</strong></span> <span class='ocrx_word' id='word_1_571' title='bbox 821 2568 856 2595; x_wconf 81' lang='lat'><strong>22</strong></span> <span class='ocrx_word' id='word_1_572' title='bbox 876 2569 913 2596; x_wconf 78' lang='lat' dir='ltr'><strong>ad</strong></span> <span class='ocrx_word' id='word_1_573' title='bbox 935 2576 961 2602; x_wconf 89' lang='lat' dir='ltr'><strong>p.</strong></span> <span class='ocrx_word' id='word_1_574' title='bbox 988 2568 1031 2595; x_wconf 76' lang='grc'><strong>13.</strong></span> 
     </span>
    </p>
   </div>
   <div class='ocr_carea' id='block_1_6' title="bbox 2519 0 2549 2537">
    <p class='ocr_par' dir='ltr' id='par_1_8' title="bbox 2519 0 2549 2537">
     <span class='ocr_line' id='line_1_43' title="bbox 2519 0 2549 2537; baseline 0 0"><span class='ocrx_word' id='word_1_575' title='bbox 2519 0 2549 2537; x_wconf 95' lang='lat' dir='ltr'><strong> </strong></span> 
     </span>
    </p>
   </div>
  </div>
 </body>
</html>
