2549 3279
681 737 1045 780 Lvnovlco
1091 741 1690 781 BREITENBAcmo

1142 859 1168 878 S·
1199 860 1227 879 Ι).

696 946 1226 989 CONSTANTINUS
1270 949 1683 988 MATTHIAE.

143 1133 278 1186 Quum
305 1134 388 1178 tibi,
428 1134 490 1170 Vir
518 1134 740 1179 amicissime,
780 1134 979 1183 quindecim
1006 1134 1077 1171 sere
1102 1134 1223 1172 abhinc
1248 1135 1424 1172 mensibus
1450 1136 1647 1183 exemplum
1674 1135 1878 1171 Anabaseos
1904 1135 2182 1184 Xenophonteae
2208 1150 2227 1173 a

141 1195 197 1230 me
221 1192 333 1231 editae
356 1193 537 1239 misissem,
560 1198 599 1231 tu
623 1194 707 1232 mihi
729 1206 791 1244 per
813 1193 928 1232 literas
949 1192 1206 1232 benevolentiae
1227 1193 1321 1232 notis
1347 1193 1496 1244 insignes
1519 1206 1627 1244 quum
1649 1193 1714 1231 alia
1738 1193 1903 1231 nonnulla
1927 1194 1990 1231 tibi
2012 1194 2126 1232 minus
2147 1207 2226 1245 pro-

140 1253 215 1289 bari
238 1253 273 1289 in
300 1253 416 1290 libello
442 1265 520 1290 meo
548 1258 664 1301 aperte
690 1259 796 1303 atque
822 1253 987 1301 ingenue,
1023 1253 1114 1290 sicut
1144 1259 1178 1290 et
1202 1259 1259 1290 tua
1276 1258 1407 1290 'natura
1431 1259 1466 1290 et
1491 1259 1609 1290 nostra
1633 1253 1784 1289 amicitia
1809 1254 1977 1302 postulat,
2018 1255 2227 1302 significasti,

139 1316 214 1347 tum
241 1323 322 1348 vero
347 1311 497 1348 maxime
522 1311 656 1349 ratione
687 1316 721 1349 te
751 1312 807 1348 illa
841 1312 987 1356 offendi,
1025 1324 1130 1360 quam
1162 1312 1195 1348 in
1220 1316 1386 1349 contextu
1412 1312 1580 1349 orationis
1607 1311 1851 1348 constituendo
1878 1312 2028 1353 inierim;
2071 1313 2228 1361 vulgatae

139 1381 244 1419 quam
270 1370 390 1407 dicunt
414 1370 573 1407 lectionis
594 1383 649 1407 me
672 1370 776 1407 nimis
802 1370 996 1407 studiosum
1023 1369 1140 1414 fuisse,
1165 1370 1319 1407 codicum
1344 1370 1569 1419 optimorum,
1596 1370 1755 1407 Vaticani
1782 1371 1837 1419 (H)
1860 1375 1893 1406 et
1911 1370 2059 1407 Parisini
2088 1372 2150 1420 (f),
2175 1373 2226 1409 ni-

139 1429 204 1465 mis
235 1434 531 1474 contemnentem,
571 1435 605 1466 et
633 1429 697 1466 hos
731 1430 825 1479 ipsos
856 1434 974 1466 tamen
1002 1429 1139 1466 codices
1164 1434 1340 1478 tamquam
1367 1430 1577 1467 certissimos
1604 1430 1708 1467 duces
1734 1430 1770 1467 in
1795 1429 2041 1478 Xenophontis
2068 1431 2227 1468 oratione

138 1486 387 1524 conformanda
418 1488 529 1525 multo
560 1488 662 1524 etiam
696 1488 929 1525 confidentius
960 1493 1067 1537 atque
1093 1487 1303 1525 constantius
1328 1500 1431 1537 quam
1463 1488 1577 1525 adhuc
1603 1488 1748 1526 fecerint
1773 1488 1932 1525 homines
1958 1488 2051 1525 docti
2077 1501 2223 1538 sequen-

137 1545 201 1582 dos
227 1557 313 1583 esse.

307 1606 361 1642 Ita
386 1605 512 1643 sentire
535 1610 570 1643 te
595 1619 666 1643 non
691 1618 732 1643 ex
761 1606 869 1644 literis
892 1605 1044 1655 primum
1069 1605 1139 1643 tuis
1163 1605 1401 1648 animadverti;
1437 1610 1548 1643 exstat
1574 1606 1664 1643 enim
1691 1611 1771 1644 ante
1796 1605 1953 1643 omnium
1979 1605 2101 1643 oculos
2131 1607 2222 1656 posi-

135 1669 209 1701 tum
231 1664 401 1712 judicium
425 1664 489 1700 hac
516 1664 558 1701 de
584 1676 621 1701 re
647 1665 732 1701 illud
758 1670 879 1709 tuum,
918 1664 1016 1714 quod
1045 1665 1157 1701 tribus
1184 1665 1305 1701 abhinc
1330 1665 1429 1702 annis
1456 1666 1491 1701 in
1523 1667 1704 1702 annalibus
1732 1665 1969 1714 Lipsiensibus
1996 1666 2025 1713 ι)
2052 1665 2095 1702 de
2120 1667 2223 1703 Hert-

125 1719 262 1759 iiniana
277 1723 481 1760 Anabaseos
505 1723 656 1760 editione
680 1723 861 1773 disputans
888 1723 1145 1773 exprompsisti.
1182 1724 1255 1772 Ego
1280 1736 1361 1761 vero
1388 1724 1493 1773 quod,
1519 1725 1580 1761 abs
1606 1730 1641 1762 te
1665 1724 1866 1773 praesertim
1892 1723 2081 1768 lacessitus,
2109 1724 2143 1760 in
2171 1737 2224 1761 re-

134 1781 319 1818 scribendo
340 1782 444 1830 paulo
466 1781 599 1819 tardior
620 1781 668 1819 fui
694 1794 798 1832 quam
819 1794 882 1832 pro
906 1787 1029 1819 mutua
1053 1787 1171 1819 nostra
1191 1782 1376 1827 voluntate,
1397 1782 1463 1819 hoc
1486 1788 1525 1819 tu
1548 1794 1591 1819 ne
1613 1783 1742 1820 idcirco
1768 1782 1895 1819 facturn
1921 1782 2108 1826 existimes,
2129 1785 2223 1832 quod

129 1840 299 1888 judicium
330 1846 429 1878 tuum
461 1841 555 1890 parvi
588 1841 739 1879 facerem
765 1842 818 1879 vel
845 1841 940 1891 quod
973 1847 1126 1879 cessator
1161 1854 1231 1879 esse
1265 1842 1411 1879 solerem
1445 1842 1497 1879 vel
1527 1841 1628 1879 etiam
1659 1842 1754 1891 quod
1786 1854 1842 1879 me
1872 1842 2002 1878 victum
2036 1842 2224 1880 arbitrarer

133 1911 247 1949 neque
276 1899 392 1937 statim
419 1899 583 1937 haberem
617 1900 712 1949 quod
745 1905 866 1938 contra
901 1900 1063 1937 dicerem.
1114 1901 1181 1938 Sed
1202 1912 1309 1949 quum
1335 1900 1424 1936 hanc
1450 1905 1558 1937 totam
1585 1901 1628 1937 de
1652 1901 1769 1937 critica
1797 1902 1832 1937 in
1859 1901 2012 1937 Anabasi
2037 1900 2223 1937 factitanda

133 1959 374 2007 quaestionem
395 1959 573 2005 omnium,
600 1960 659 2009 qui
687 1959 722 1997 in
748 1960 876 2010 scripta
900 1960 1145 2011 Xenophontis
1172 1960 1396 2005 incumbunt,
1422 1971 1644 1997 communem
1671 1972 1747 1997 esse
1769 1959 2017 2009 perpenderem
2043 1971 2223 2010 quumque

133 2017 207 2053 fieri
230 2029 332 2066 posse
354 2023 568 2066 reputarem,
604 2024 644 2055 ut
668 2031 756 2055 nova
780 2019 883 2069 hujus
909 2020 958 2055 rei
985 2020 1206 2068 pertractatio
1225 2019 1267 2056 ad
1291 2031 1407 2055 veram
1433 2024 1539 2067 atque
1565 2020 1732 2055 sinceram
1756 2019 2001 2067 Xenophontis
2027 2020 2220 2055 orationem

131 2075 381 2113 restituendam
407 2077 661 2126 aliquantulum
686 2077 832 2123 valeret,
863 2078 1063 2116 faciundum
1088 2078 1203 2127 putavi
1225 2082 1266 2116 ut
1287 2077 1351 2115 tibi
1378 2090 1471 2116 nunc
1497 2077 1636 2115 demum
1659 2077 1754 2115 hisce
1777 2077 1923 2126 publicis
1952 2077 2056 2114 literis
2077 2089 2218 2125 respon-

133 2135 261 2171 derem.

304 2195 422 2241 Atque
454 2192 540 2229 illud
565 2193 706 2241 quidem
732 2199 771 2231 tu
797 2194 881 2231 mihi
905 2195 1004 2233 facile
1027 2195 1212 2238 concedas,
1248 2208 1311 2232 nec
1338 2194 1450 2231 solum
1475 2194 1657 2238 concedas,
1696 2193 1754 2230 sed
1780 2193 1881 2229 etiarn
1907 2193 2058 2241 graviter
2081 2205 2216 2230 mecum

132 2252 268 2297 doleas,
306 2251 487 2288 aureolum
519 2251 615 2288 illum
638 2252 886 2301 Xenophontis
911 2253 954 2291 de
978 2254 1059 2304 Cyri
1089 2253 1306 2303 expeditione
1339 2253 1481 2297 librum,
1515 2264 1585 2301 quo
1612 2252 1704 2288 haud
1731 2251 1803 2288 scio
1828 2263 1872 2287 an
1899 2252 2015 2288 nullus
2040 2252 2217 2300 discipulis

132 2312 259 2349 nostris
280 2311 382 2348 simul
406 2317 440 2348 et
459 2311 579 2348 utilior
600 2316 635 2348 et
660 2311 848 2360 jucundior
870 2313 963 2350 lectu
989 2314 1185 2351 inveniatur
1208 2314 1255 2361 ²),
1292 2318 1408 2349 tamen
1433 2324 1652 2360 nequaquam
1673 2311 1776 2347 talem
1802 2323 1895 2355 esse,
1931 2310 2067 2360 qualem
2094 2316 2218 2349 auctor

131 2372 232 2410 nobis
258 2370 446 2421 reliquerit,
472 2370 531 2407 sed
556 2370 714 2420 plurimis
738 2370 853 2408 adhuc
878 2372 1036 2409 omnium
1061 2383 1223 2421 generum
1249 2371 1382 2409 mendis
1405 2382 1443 2407 ac
1469 2370 1560 2407 vitiis
1585 2370 1753 2407 laborare.
1804 2370 1965 2406 Vicissim
1990 2381 2054 2418 ego
2079 2370 2142 2407 tibi
2168 2370 2215 2407 fa-

130 2431 195 2469 cile
216 2430 404 2468 concedam
428 2430 534 2467 libros
555 2441 661 2466 manu
682 2429 851 2479 scriptOS,
873 2430 932 2479 qui
955 2432 1134 2469 Anabasin
1162 2431 1352 2474 continent,
1376 2430 1583 2466 auctoritate
1609 2441 1648 2465 ac
1674 2429 1741 2465 fide
1766 2441 1836 2465 non
1863 2441 1978 2477 pares,
2003 2429 2065 2465 sed
2089 2431 2216 2478 partim

129 2492 289 2529 meliores
312 2502 397 2535 esse,
419 2490 544 2539 partim
569 2489 716 2538 pejores,
742 2495 847 2538 atque
879 2490 990 2527 critici
1017 2503 1093 2528 esse
1116 2490 1152 2527 in
1175 2495 1272 2527 textu
1294 2501 1397 2539 quem
1426 2494 1551 2526 vocant
1572 2487 1828 2532 constituendo,
1857 2488 1974 2538 quoad
1996 2488 2069 2526 fieri
2097 2490 2216 2539 possit,

129 2551 311 2589 meliorum
338 2549 556 2600 potissimum
590 2548 796 2586 auctoritate
830 2547 903 2586 niti.
956 2549 1053 2595 Quin
1079 2549 1181 2587 etiam
1211 2547 1277 2586 boc
1314 2547 1391 2585 tibi*
1413 2547 1556 2596 largior,
1599 2547 1777 2585 Parisinos
1798 2548 1913 2585 FED
1947 2553 1981 2585 et
2006 2549 2215 2587 Vaticanum

306 2673 337 2705 ¹)
359 2673 440 2702 Nov.
464 2672 576 2699 Annal.
599 2671 670 2707 phil.
691 2674 723 2698 et
745 2670 835 2705 paed.
857 2670 945 2706 Lips.
968 2672 1040 2699 Vol.
1063 2671 1175 2699 LVlll.
1200 2678 1227 2705 p.
1256 2670 1310 2698 134
1332 2677 1400 2704 sqq.

304 2723 338 2755 ¹)
362 2722 545 2749 hectionem
563 2723 750 2748 Anahaseos
767 2728 908 2757 magnam
930 2725 1049 2755 partem
1073 2720 1231 2748 secundae
1255 2719 1434 2747 scholarum
1457 2723 1640 2747 nostrarum
1661 2720 1761 2748 classi
1784 2721 2105 2749 accommodatiorem
2125 2729 2213 2756 quarn

128 2771 242 2798 tertiae
264 2777 340 2798 esse
362 2770 426 2799 ulio
448 2771 520 2799 loco
543 2772 761 2798 demonstrare
779 2770 929 2798 conabor.
1968 2809 1977 2842 1
