2549 3279
1140 129 1199 183 Π77

146 236 236 280 „hoc
259 235 329 283 μέν
352 237 444 285 (post
465 235 624 286 θώραξι)
650 236 838 285 particulae
862 234 902 272 δέ
926 236 946 284 §
969 236 988 273 7
1012 235 1062 284 (οἱ
1083 234 1115 272 δ’
1139 235 1256 284 ἵπποι)
1280 247 1458 284 opponere
1482 235 1658 279 voluisset,
1683 236 1731 272 sic
1759 236 1976 272 collocasset:
2001 234 2137 273 αὐτοὶ
2160 234 2238 282 μὲν

144 294 325 343 θώραξι.“
377 296 496 341 Quare
516 296 656 332 videant
680 295 740 342 qui
766 294 834 330 hoc
856 294 934 331 loco
962 294 1165 331 melioribus
1186 295 1282 331 libris
1304 299 1516 343 paruerunt,
1553 295 1690 331 videant
1716 296 1822 337 Lion,
1853 295 2073 342 Dindovfius,
2104 295 2235 331 Borne-

143 366 302 398 πωπω,
325 354 457 405 Poppo,
478 355 680 397 floruimus,
702 353 900 395 Ksthnerus,
919 365 964 389 ne
978 352 1206 402 Xenophonti
1229 353 1451 390 obtruderint
1476 353 1571 402 quod
1598 353 1644 389 nil
1670 358 1723 389 est
1746 353 1811 389 nisi
1837 352 2000 390 mendum
2024 354 2150 391 librarii
2173 354 2236 399 ¹¹).

144 411 336 460 Μεγάλοις
358 413 415 450 hic
446 413 624 462 aptissime
645 412 725 449 addi
752 411 872 448 docuit
896 411 1087 460 Kria'qerus.

317 473 345 517 1,
366 472 401 517 8,
428 472 471 509 13
499 484 562 521 pro
586 472 727 521 vulgato
752 469 990 518 ἀπεκρίνατο,
1012 467 1069 506 ὅτι
1090 468 1191 520 αὐτῷ
1214 469 1353 519 μέλοι,
1379 470 1482 517 ὅπως
1504 473 1626 516 καλῶς
1647 470 1723 519 ἔχοι
1755 471 1918 508 HFED
1945 469 2055 519 μέλει
2081 472 2125 518 (H
2150 469 2231 517 μέλ-

142 533 218 580 λει),
244 531 342 581 quod
366 544 470 569 nemo
494 532 605 569 tuitus
628 536 690 569 est.
741 531 876 568 Turbas
898 528 1003 565 etiam
1023 528 1079 566 hic
1104 529 1186 567 fecit
1207 530 1395 568 itacismus.

315 591 350 634 I,
369 589 410 634 8,
434 590 482 627 22
506 590 618 627 eidem
645 590 805 628 itacismo
827 588 975 627 debetur
999 586 1046 624 ἵν’
1071 582 1108 637 ᾖ,
1132 590 1225 638 quod
1253 601 1317 639 pro
1339 591 1477 639 vulgato
1500 588 1555 639 ἦν
1583 584 1607 639 ᾖ
1634 590 1759 640 legitur
1794 590 1828 626 in
1857 589 1889 625 H
1906 590 1933 625 F
1946 589 1978 625 D
2003 589 2047 626 ab
2072 588 2234 624 omnibus

143 650 306 698 rejectum
332 650 398 696 ¹²).

317 708 344 751 Ι,
370 707 405 751 9,
435 707 478 744 13
504 707 580 744 HF
596 707 627 744 E
642 706 689 743 Et
718 716 782 755 pro
809 704 899 755 vulg.
925 705 1141 754 προχωροίη
1163 706 1310 755 pessime
1335 708 1584 756 προςχωροίη,
1609 708 1704 756 quod
1731 718 1835 743 sensu
1862 717 1980 743 carere
2004 717 2125 742 omnes
2151 716 2230 740 con-

141 768 306 803 sentiunt.

316 823 350 869 1,
372 823 413 868 9,
443 823 486 861 19
518 822 695 860 itacismus
721 822 756 859 in
782 833 887 859 causa
918 821 984 859 fuit
1005 833 1069 859 cur
1093 833 1156 873 pro
1181 821 1332 873 optativo
1359 819 1468 872 ἄρχοι
1500 824 1536 860 in
1570 824 1663 861 HFE
1691 824 1859 873 irreperet
1883 822 2091 859 indicativus
2116 819 2231 869 ἄρχει,

140 896 242 931 quem
271 885 326 920 hic
349 884 428 920 ferri
452 884 550 920 nullo
575 884 681 920 modo
707 895 957 934 posseomnes
982 883 1074 919 inter
1099 895 1136 919 se
1160 882 1376 920 conveniunt.

315 942 342 986 1,
369 942 402 986 9,
429 942 477 979 24
502 953 565 991 pro
592 941 682 990 vulg.
708 938 822 977 οὐδὲν
846 938 1098 988 θαυμαστόν
1132 940 1305 978 HFEEt
1337 937 1450 976 οὐδὲν
1475 940 1737 988 θαυμάσιον,
1773 941 1867 989 quod
1894 951 2035 988 prorsus
2059 940 2229 976 absonum

140 1013 216 1036 csse
241 1002 344 1037 etiam
370 1002 557 1038 Kv'ihnerus
577 1001 706 1047 aliique
730 1000 868 1036 illorum
900 1000 1060 1037 codicum
1084 1000 1233 1036 cultores
1260 999 1513 1036 intellexerunt.

315 1060 344 1103 I,
367 1059 424 1104 10,
448 1058 472 1095 6
494 1058 674 1095 HFEtV
695 1058 760 1094 καί
787 1057 974 1106 particula,
999 1070 1091 1107 quae
1114 1057 1215 1106 vulgo
1241 1057 1353 1102 abest,
1379 1058 1596 1107 interposita:
1627 1057 1668 1095 ἐν
1690 1056 1808 1108 τούτῳ
1834 1057 1897 1094 καὶ
1923 1056 2093 1105 βασιλεὺς
2120 1057 2231 1105 δῆλος

137 1113 185 1165 ἦν
205 1116 368 1165 προςιών
395 1116 527 1162 πάλιν,
548 1114 598 1160 ὥς
620 1115 756 1161 ἐδόκει,
786 1114 956 1153 ὄπισθεν.
1009 1118 1125 1163 Quam
1151 1118 1355 1165 scripturam
1381 1130 1519 1161 omneS‚
1545 1118 1605 1166 qui
1630 1118 1809 1155 Anabasin
1836 1118 2044 1160 emiserunt,
2070 1130 2227 1164 compro-

139 1178 238 1214 basse
265 1177 380 1214 minus
405 1188 470 1225 ego
494 1175 637 1225 quidem
663 1175 773 1213 miror
797 1188 901 1224 quam
935 1175 1002 1213 illis
1026 1176 1130 1213 etiam
1155 1176 1350 1225 Kru'qerum
1375 1176 1409 1212 in
1437 1176 1572 1213 minore
1597 1176 1749 1214 editione
1775 1188 1811 1213 se
1835 1176 2042 1225 adjunxisse.
2094 1176 2227 1224 Nempt¹

138 1236 202 1271 καί
229 1236 387 1272 additum
420 1234 559 1278 volunt,
598 1235 680 1282 quia
705 1235 809 1271 etiam
837 1234 961 1271 Graeci
983 1235 1151 1283 impetum
1176 1234 1285 1271 facere
1308 1240 1498 1282 parassent.
1548 1235 1653 1279 Quod
1685 1248 1785 1271 secus
1816 1240 1878 1271 est.
1932 1235 2118 1271 Clearchus
2139 1235 2225 1270 Pro-

139 1307 227 1332 xeno
254 1295 410 1333 adhibito
436 1293 551 1331 adhuc
571 1293 618 1330 nil
647 1293 713 1330 nisi
735 1292 945 1342 cogitaverat
965 1293 1008 1331 de
1029 1293 1158 1331 auxilio
1184 1293 1303 1331 castris
1329 1293 1401 1331 suis
1425 1293 1585 1337 serendo,
1614 1307 1684 1331 non
1709 1294 1836 1331 tulerat
1859 1294 2037 1331 auxilium.
2088 1293 2226 1330 Delibe-

138 1354 295 1389 rantibus
322 1358 439 1390 autem
464 1352 517 1400 (ἐν
536 1351 667 1401 τούτῳ)
685 1356 896 1388 Artaxerxes
919 1353 1117 1401 supervenit
1137 1355 1273 1401 copias
1293 1364 1311 1387 a
1336 1358 1434 1400 tergo
1458 1351 1638 1401 (ὄπισθεν)
1664 1354 1869 1389 adducens
1896 1351 2090 1400 (προςιών).
2121 1352 2227 1395 Quod

137 1425 245 1460 quum
268 1412 435 1450 vidissent
451 1411 588 1457 Graeci,
612 1412 654 1450 ad
678 1424 758 1450 eum
785 1411 1025 1461 excipiendum
1053 1424 1128 1449 sese
1153 1412 1344 1461 accingunt.
1378 1412 1479 1450 Patet
1502 1412 1582 1451 binc
1607 1425 1722 1461 regem
1749 1412 1885 1450 initium
1913 1412 2032 1450 secisse
2055 1424 2132 1461 pro
2140 1423 2225 1460 yre-

136 1473 289 1507 diendt'
312 1472 574 1519 absurdumque
598 1483 673 1507 esse
699 1471 831 1507 dicere:
859 1472 987 1507 etiam
1010 1484 1076 1507 rex
1100 1473 1289 1514 accedebat,
1315 1471 1485 1519 siquidem
1514 1471 1637 1507 Graeci
1665 1484 1702 1508 se
1728 1473 1805 1508 loco
1836 1484 1899 1507 suo
1924 1472 2036 1507 adhuc
2057 1483 2127 1506 non
2151 1482 2225 1504 mo-

136 1536 264 1566 verant.
313 1532 360 1567 Ut
381 1543 463 1567 vero
484 1530 689 1573 concedam,
723 1530 819 1578 quod
845 1543 916 1566 non
947 1530 1123 1573 conced0‚
1153 1531 1215 1566 καί
1245 1530 1449 1578 particulam
1480 1530 1559 1567 huic
1584 1531 1659 1566 loco
1686 1531 1983 1568 accommodatam
2012 1542 2104 1573 esse,
2143 1528 2224 1576 quia

135 1589 260 1633 „etiam
291 1589 413 1627 Graeci
441 1589 609 1638 impetum
633 1588 744 1626 facere
770 1593 988 1638 parassent“‚
1011 1588 1197 1638 rejicienda
1216 1594 1331 1626 tamen
1356 1589 1523 1638 particula
1551 1594 1604 1626 est
1629 1594 1771 1639 propter
1793 1587 1971 1633 ὄπισθεν,
1998 1601 2078 1626 nam
2106 1589 2225 1624 etiam

135 1660 194 1684 rex
227 1649 391 1685 accedere
423 1663 445 1685 a
477 1656 592 1696 terqo
624 1648 672 1685 sic
705 1653 842 1684 tantum
872 1647 941 1684 dici
973 1653 1128 1696 poterat,
1170 1648 1196 1684 si
1218 1653 1353 1696 praeter
1379 1661 1493 1696 regem
1517 1649 1619 1684 etiam
1642 1650 1729 1685 alius
1758 1649 1836 1697 quis
1862 1662 1881 1685 a
1908 1655 2005 1696 tergo
2025 1648 2221 1685 accedebat.

135 1707 237 1752 Quae
269 1719 377 1755 quum
409 1707 456 1745 ita
490 1707 575 1751 sint,
615 1706 819 1755 particulam
853 1706 943 1743 illam
978 1707 1171 1744 sexcenties
1202 1719 1219 1743 a
1253 1707 1402 1744 librariis
1432 1712 1493 1744 aut
1525 1707 1676 1744 additam
1701 1713 1763 1745 aut
1792 1708 1956 1745 omissam
1991 1708 2046 1744 hic
2081 1706 2221 1755 quidem

134 1777 276 1813 prorsus
299 1766 529 1802 damnandam
556 1778 633 1802 esse
658 1778 784 1802 censeo
813 1766 878 1812 1³).

307 1824 371 1863 His
400 1824 557 1875 quinque
584 1829 619 1863 et
644 1824 767 1874 viginti
797 1824 882 1863 locis
907 1835 926 1862 e
953 1823 1066 1874 primo
1097 1824 1276 1863 dumtaxat
1301 1824 1389 1864 libro
1412 1824 1613 1863 Anabaseos
1640 1824 1808 1863 desumtis
1835 1836 1854 1862 e
1882 1824 2005 1863 ceteris
2035 1823 2132 1862 libris
2159 1822 2222 1860 du-

133 1891 253 1921 centos
276 1885 363 1921 alios
386 1885 540 1933 ejusdem
568 1886 704 1933 generis
726 1885 928 1933 adjicerem,
963 1885 991 1921 si
1014 1886 1048 1921 id
1074 1897 1137 1932 per
1162 1885 1260 1932 spatii
1283 1886 1459 1933 angustias
1490 1886 1617 1921 liceret.
1669 1886 1746 1921 Hoc
1770 1898 1880 1922 unum
1906 1885 2017 1927 addo,
2044 1885 2078 1920 in
2105 1888 2224 1931 aperte

131 1941 224 1980 falsis
251 1955 306 1980 me
330 1943 433 1981 etiam
461 1943 589 1980 formas
613 1943 788 1991 γίνεσθαι
818 1948 853 1981 et
877 1940 1077 1992 γινώσκειν
1107 1955 1307 1988 numerare,
1344 1955 1492 1993 quarum
1527 1943 1605 1981 libri
1633 1943 1688 1981 isti
1713 1944 1872 1981 meliores
1899 1943 2057 1980 omnium
2085 1942 2221 1978 feracis-

132 2002 209 2038 simi
235 2007 326 2038 sunt.
378 2004 421 2039 V.
447 2003 599 2040 Kiihner.
625 2008 698 2040 not.
726 2004 800 2040 crit.
824 2003 867 2040 ad
893 2004 928 2047 Ι,
957 2003 1017 2046 10,
1048 2003 1091 2039 12
1116 2008 1151 2039 et
1175 2003 1215 2040 ad
1240 2004 1288 2046 II,
1311 2005 1345 2048 2,
1371 2003 1403 2040 3.
1456 2004 1528 2040 Has
1552 2004 1693 2052 quidem
1721 2003 1849 2040 formas
1872 2016 1890 2038 c
1911 2002 2140 2051 scriptoribus
2160 2005 2222 2037 At-

133 2061 226 2104 ticis,
248 2061 308 2109 qui
332 2066 412 2098 ante
435 2061 660 2099 Aristotelem
680 2062 882 2111 viguerunt,
908 2061 1072 2099 radicitus
1094 2062 1328 2111 exstirpandas
1359 2074 1473 2111 neque
1503 2062 1610 2099 libros
1636 2074 1742 2099 manu
1766 2062 1913 2111 scriptos
1940 2063 1974 2098 in
2000 2061 2127 2098 talibus
2153 2060 2220 2096 ulla

131 2120 338 2157 auctoritate
369 2132 444 2156 esse
477 2121 559 2156 satis
591 2121 675 2157 mihi
708 2122 829 2158 videor
854 2122 1111 2158 demonstrasse
1147 2121 1182 2157 in
1212 2122 1291 2157 Lex.
1319 2122 1440 2169 Eurip.
1467 2122 1543 2158 Vol.
1570 2122 1586 2157 1
1623 2134 1648 2158 s.
1679 2122 1875 2168 γίγνεσθαι
1902 2134 1933 2169 p.
1960 2121 2027 2156 651
2056 2131 2106 2167 sq.
2132 2124 2167 2154 et
2195 2131 2220 2155 s.

130 2176 350 2226 γιγνώσκειν
377 2190 408 2226 p.
432 2178 505 2214 660
531 2190 582 2226 sq.
633 2180 757 2228 Neque
789 2180 962 2217 editorum
996 2180 1179 2228 quisquam
1207 2180 1370 2216 barbaras
1399 2179 1626 2220 illassormas
1650 2180 1684 2215 in
1717 2180 1868 2216 Anabasi
1902 2179 2060 2215 toleravit
2085 2183 2222 2226 praeter

132 2239 412 2275 Bornemannum
433 2242 467 2273 et
492 2237 708 2282 Kuhnerum,
737 2250 889 2287 quorum
914 2238 1101 2287 posterior,
1137 2244 1176 2275 ut
1200 2238 1303 2275 modo
1330 2236 1399 2283 ξύν
1424 2238 1527 2274 modo
1555 2236 1642 2282 σύν,
1679 2238 1783 2274 modo
1811 2238 1863 2280 εἰς
1890 2237 1994 2274 modo
2024 2236 2078 2281 ἐς,
2114 2236 2219 2272 modo

130 2295 236 2345 μόλις
257 2297 361 2333 modo
388 2294 511 2343 μόγις,
550 2296 655 2332 modo
682 2298 831 2333 θᾶσσον
855 2298 962 2334 modo
984 2299 1143 2342 θᾶττον,
1183 2298 1285 2334 modo
1307 2301 1466 2345 θαρσεῖν
1494 2297 1598 2333 modo
1624 2300 1782 2344 θαρρεῖν
1809 2297 1913 2333 modo
1944 2296 2085 2342 Ταρσοί
2112 2296 2217 2331 modo

138 2353 281 2406 Ταρσός
305 2360 340 2393 et
364 2354 471 2392 multa
492 2353 595 2404 hujus
616 2353 711 2391 modi
737 2354 802 2392 alia
826 2355 862 2393 in
889 2355 1043 2394 editione
1076 2368 1138 2393 sua
1164 2368 1223 2406 pro
1246 2355 1346 2406 jussu
1373 2356 1539 2392 librorum
1565 2354 1719 2399 admisit,
1757 2355 1804 2391 sic
1830 2355 1920 2391 idem
1948 2359 2021 2391 tu'm
2045 2354 2215 2402 γίνεσθαι

131 2424 206 2454 tum
229 2417 437 2464 γίγνεσθαι,
461 2420 534 2451 tum
560 2412 760 2461 γινώσκειν
783 2420 859 2452 tum
884 2415 1119 2464 γιγνώσκειν,
1143 2421 1245 2464 prout
1273 2417 1349 2453 libri
1375 2416 1532 2451 meliores
1558 2422 1619 2451 aut
1640 2415 1803 2463 juberent
1830 2421 1891 2452 aut
1917 2419 2088 2458 vetarent,
2115 2414 2217 2450 mira-

131 2477 190 2515 bili
216 2489 256 2514 ac
281 2476 381 2526 plane
407 2473 570 2524 singulari
596 2473 788 2511 variatione
814 2475 932 2513 edidit.
984 2476 1096 2526 quue
1123 2475 1203 2513 fecit
1227 2475 1279 2512 vir
1304 2475 1444 2519 doctus,
1472 2474 1531 2523 qui
1559 2475 1593 2511 in
1619 2474 1841 2523 grammatica
1864 2474 1996 2512 Graeca
2022 2487 2041 2511 a
2070 2486 2106 2511 se
2129 2474 2218 2510 edita

308 2595 356 2628 ¹¹)
380 2594 479 2624 Etiam
501 2593 540 2628 V,
559 2593 588 2629 2,
610 2592 625 2619 9
645 2589 701 2629 μέν
723 2592 857 2621 mirabili
878 2601 989 2622 errore
1011 2599 1083 2623 ante
1104 2587 1185 2632 ἦσαν
1205 2594 1354 2622 insertum
1378 2594 1406 2620 in
1431 2594 1455 2620 H
1469 2593 1493 2621 F
1508 2594 1541 2622 Ε.

307 2645 357 2677 ¹²)
378 2645 492 2672 lbidem
516 2643 628 2669 HEEt
653 2637 753 2678 ἡμίσει
780 2635 823 2668 ἢν
844 2640 964 2681 χρόνῳ,
998 2645 1094 2679 vulgo
1118 2652 1185 2671 cuni
1209 2644 1326 2671 ceteris
1348 2643 1437 2671 codd.
1462 2637 1513 2677 ἡμ.
1538 2639 1576 2670 ἐν
1597 2640 1709 2679 χρόνῳ.
1752 2644 1891 2676 Quorum
1915 2652 1977 2679 ego
2003 2645 2164 2679 posterius
2190 2644 2218 2670 in

128 2694 267 2721 editione
290 2701 359 2720 mea
384 2692 477 2721 edidi.
520 2692 607 2718 Nunc
629 2694 731 2718 autem
753 2691 901 2718 ambabus
925 2692 1094 2726 scripturis
1116 2691 1298 2728 conjunctis
1320 2687 1420 2726 ἡμίσει
1440 2684 1485 2717 ἂν
1509 2687 1546 2718 ἐν
1567 2688 1669 2729 χρόνῳ
1689 2693 1890 2720 scribendum
1914 2701 2044 2720 censeo.

306 2744 354 2775 ¹³)
383 2742 493 2771 Obiter
521 2747 633 2769 moneo
663 2747 763 2775 neque
791 2740 978 2768 vocabulum
1002 2737 1095 2769 πάλιν
1122 2748 1189 2768 cuni
1219 2736 1350 2768 ὄπισθεν
1376 2740 1559 2769 consociari
1589 2749 1696 2774 posse.
1740 2743 1829 2776 Quod
1853 2751 1945 2778 quum
1969 2745 2071 2772 codex
2097 2743 2119 2769 K
2143 2743 2216 2770 illud

127 2800 190 2819 non
213 2791 342 2819 offerat.
368 2792 396 2819 in
419 2791 558 2819 editione
579 2798 647 2818 mea
674 2790 880 2817 Borucmmmo
901 2789 981 2816 duce
1005 2789 1273 2817 exterminandum
1295 2788 1379 2816 duxi.
